date,ticker,Revenue,Cost Of Goods Sold,Gross Profit,Research And Development Expenses,SG&A Expenses,Other Operating Income Or Expenses,Operating Expenses,Operating Income,Total Non-Operating Income/Expense,Pre-Tax Income,Income Taxes,Income After Taxes,Other Income,Income From Continuous Operations,Income From Discontinued Operations,Net Income,EBITDA,EBIT,Basic Shares Outstanding,Shares Outstanding,Basic EPS,EPS - Earnings Per Share,Cash On Hand,Receivables,Inventory,Pre-Paid Expenses,Other Current Assets,Total Current Assets,"Property, Plant, And Equipment",Long-Term Investments,Goodwill And Intangible Assets,Other Long-Term Assets,Total Long-Term Assets,Total Assets,Total Current Liabilities,Long Term Debt,Other Non-Current Liabilities,Total Long Term Liabilities,Total Liabilities,Common Stock Net,Retained Earnings (Accumulated Deficit),Comprehensive Income,Other Share Holders Equity,Share Holder Equity,Total Liabilities And Share Holders Equity,Net Income/Loss,Total Depreciation And Amortization - Cash Flow,Other Non-Cash Items,Total Non-Cash Items,Change In Accounts Receivable,Change In Inventories,Change In Accounts Payable,Change In Assets/Liabilities,Total Change In Assets/Liabilities,Cash Flow From Operating Activities,"Net Change In Property, Plant, And Equipment",Net Change In Intangible Assets,Net Acquisitions/Divestitures,Net Change In Short-term Investments,Net Change In Long-Term Investments,Net Change In Investments - Total,Investing Activities - Other,Cash Flow From Investing Activities,Net Long-Term Debt,Net Current Debt,Debt Issuance/Retirement Net - Total,Net Common Equity Issued/Repurchased,Net Total Equity Issued/Repurchased,Total Common And Preferred Stock Dividends Paid,Financial Activities - Other,Cash Flow From Financial Activities,Net Cash Flow,Stock-Based Compensation,Common Stock Dividends Paid,Current Ratio,Long-term Debt / Capital,Debt/Equity Ratio,Gross Margin,Operating Margin,EBIT Margin,EBITDA Margin,Pre-Tax Profit Margin,Net Profit Margin,Asset Turnover,Inventory Turnover Ratio,Receiveable Turnover,Days Sales In Receivables,ROE - Return On Equity,Return On Tangible Equity,ROA - Return On Assets,ROI - Return On Investment,Book Value Per Share,Operating Cash Flow Per Share,Free Cash Flow Per Share,revenue,gross_prof,operating_income,ebitda,net_income,eps,shares_outstanding,total_assets,cash_on_hand,long_term_debt,total_liabilities,share_holder_equity
2021-09-30,AAPL,83360.0,48186.0,35174.0,5772.0,5616.0,,59574.0,23786.0,-538.0,23248.0,2697.0,20551.0,,20551.0,,20551.0,26775.0,23786.0,16701.27,16864.92,1.25,1.23,62639.0,51506.0,6580.0,,14111.0,134836.0,39440.0,127877.0,,48849.0,216166.0,351002.0,125481.0,109106.0,53325.0,162431.0,287912.0,57365.0,5562.0,163.0,,63090.0,351002.0,20551.0,2989.0,-1550.0,1439.0,-8809.0,-1429.0,14112.0,-5664.0,-1790.0,20200.0,-3223.0,0.0,-20.0,4352.0,256.0,4608.0,-530.0,835.0,5220.0,-2000.0,3220.0,-19204.0,-19204.0,-3640.0,-758.0,-20382.0,653.0,1945.0,-3640.0,1.0746,0.6336,1.9768,42.1953,28.5341,28.5341,,27.8887,24.6533,0.2375,7.3231,1.6185,55.6087,32.5741,32.5741,5.855,11.9347,3.8407,1.1731,0.9843000000000001,83360.0,35174.0,23786.0,26775.0,20551.0,1.23,16865.0,351002.0,62639.0,109106.0,287912.0,63090.0
2021-06-30,AAPL,81434.0,46179.0,35255.0,5717.0,5412.0,,57308.0,24126.0,243.0,24369.0,2625.0,21744.0,,21744.0,,21744.0,26958.0,24126.0,16629.37,16781.73,1.31,1.3,61696.0,33908.0,5178.0,,13641.0,114423.0,38615.0,131948.0,,44854.0,215417.0,329840.0,107754.0,105752.0,52054.0,157806.0,265560.0,54989.0,9233.0,58.0,,64280.0,329840.0,21744.0,2832.0,1215.0,4047.0,1031.0,13.0,211.0,-5952.0,-4697.0,21094.0,-2093.0,0.0,-4.0,5747.0,0.0,5747.0,-78.0,3572.0,-3000.0,3000.0,0.0,-22900.0,-22900.0,-3767.0,-2729.0,-29396.0,-4730.0,1960.0,-3767.0,1.0619,0.622,1.8947,43.2927,29.6265,29.6265,,29.9249,26.7014,0.2469,8.9183,2.4016,37.4748,33.827,33.827,6.5923,12.7882,3.8824,1.2895,1.1618,81434.0,35255.0,24126.0,26958.0,21744.0,1.3,16782.0,329840.0,61696.0,105752.0,265560.0,64280.0
2021-03-31,AAPL,89584.0,51505.0,38079.0,5262.0,5314.0,,62081.0,27503.0,508.0,28011.0,4381.0,23630.0,,23630.0,,23630.0,30300.0,27503.0,16753.48,16929.16,1.41,1.4,69834.0,33036.0,5219.0,,13376.0,121465.0,37815.0,134539.0,,43339.0,215693.0,337158.0,106385.0,108642.0,52953.0,161595.0,267980.0,54203.0,15261.0,-286.0,,69178.0,337158.0,23630.0,2797.0,1333.0,4130.0,8598.0,-276.0,-23667.0,11566.0,-3779.0,23981.0,-2269.0,0.0,0.0,-7895.0,0.0,-7895.0,-204.0,-10368.0,10423.0,0.0,10423.0,-17987.0,-17987.0,-3447.0,-315.0,-11326.0,2287.0,1981.0,-3447.0,1.1417,0.611,1.7584,42.5065,30.7008,30.7008,,31.2679,26.3775,0.2657,9.8687,2.7117,33.1894,34.1583,34.1583,7.0086,13.2887,4.1458,1.4413,1.305,89584.0,38079.0,27503.0,30300.0,23630.0,1.4,16929.0,337158.0,69834.0,108642.0,267980.0,69178.0
2020-12-31,AAPL,111439.0,67111.0,44328.0,5163.0,5631.0,,77905.0,33534.0,45.0,33579.0,4824.0,28755.0,,28755.0,,28755.0,36200.0,33534.0,16935.12,17113.69,1.7,1.68,76826.0,58620.0,4973.0,,13687.0,154106.0,37933.0,118745.0,,43270.0,199948.0,354054.0,132507.0,99281.0,56042.0,155323.0,287830.0,51744.0,14301.0,179.0,,66224.0,354054.0,28755.0,2666.0,1987.0,4653.0,-10945.0,-950.0,21670.0,-4420.0,5355.0,38763.0,-3500.0,,-9.0,-5279.0,,-5279.0,204.0,-8584.0,-1000.0,22.0,-978.0,-24775.0,-24775.0,-3613.0,-2883.0,-32249.0,-2070.0,2020.0,-3613.0,1.163,0.5999,1.6919,39.7778,30.0918,30.0918,,30.1322,25.8034,0.3148,13.4951,1.901,47.3425,43.4208,43.4208,8.1216,17.3741,3.9365,2.265,2.0605,111439.0,44328.0,33534.0,36200.0,28755.0,1.68,17114.0,354054.0,76826.0,99281.0,287830.0,66224.0
2020-09-30,AAPL,64698.0,40009.0,24689.0,4978.0,4936.0,,49923.0,14775.0,126.0,14901.0,2228.0,12673.0,,12673.0,,12673.0,17477.0,14775.0,17352.12,17528.21,0.76,0.74,90943.0,37445.0,4061.0,,11264.0,143713.0,36766.0,100887.0,,42522.0,180175.0,323888.0,105392.0,98667.0,54490.0,153157.0,258549.0,50779.0,14966.0,-406.0,,65339.0,323888.0,12673.0,2702.0,1324.0,4026.0,1768.0,-137.0,6725.0,-4479.0,3877.0,20576.0,-1784.0,0.0,-51.0,7434.0,-118.0,7316.0,50.0,5531.0,291.0,-994.0,-703.0,-16737.0,-16737.0,-3511.0,-406.0,-21357.0,4750.0,1724.0,-3511.0,1.3636,0.6016,1.7208,38.1604,22.8369,22.8369,,23.0316,19.5879,0.1998,9.852,1.7278,52.0889,19.3958,19.3958,3.9128,7.7272,3.8487,1.1524,1.0526,64698.0,24689.0,14775.0,17477.0,12673.0,0.74,17528.0,323888.0,90943.0,98667.0,258549.0,65339.0
2020-06-30,AAPL,59685.0,37005.0,22680.0,4758.0,4831.0,,46594.0,13091.0,46.0,13137.0,1884.0,11253.0,,11253.0,,11253.0,15843.0,13091.0,17250.29,17419.15,0.65,0.65,93025.0,32075.0,3978.0,,10987.0,140065.0,35687.0,100592.0,,41000.0,177279.0,317344.0,95318.0,94048.0,55696.0,149744.0,245062.0,48696.0,24136.0,-550.0,,72282.0,317344.0,11253.0,2752.0,2696.0,5448.0,-2135.0,-689.0,2733.0,-339.0,-430.0,16271.0,-1565.0,0.0,-339.0,-2992.0,0.0,-2992.0,-269.0,-5165.0,3655.0,-1487.0,2168.0,-15891.0,-15891.0,-3656.0,-1737.0,-19116.0,-8010.0,1698.0,-3656.0,1.4695,0.5654,1.5595,37.9995,21.9335,21.9335,,22.0106,18.854,0.1881,9.3024,1.8608,48.3664,15.5682,15.5682,3.546,6.7655,4.2182,0.9626,0.8701000000000001,59685.0,22680.0,13091.0,15843.0,11253.0,0.65,17419.0,317344.0,93025.0,94048.0,245062.0,72282.0
2020-03-31,AAPL,58313.0,35943.0,22370.0,4565.0,4952.0,,45460.0,12853.0,282.0,13135.0,1886.0,11249.0,,11249.0,,11249.0,15639.0,12853.0,17440.4,17618.77,0.64,0.64,94051.0,30677.0,3334.0,,15691.0,143753.0,35889.0,98793.0,,41965.0,176647.0,320400.0,96094.0,89086.0,56795.0,145881.0,241975.0,48032.0,33182.0,-2789.0,,78425.0,320400.0,11249.0,2786.0,1278.0,4064.0,5269.0,727.0,-12431.0,4433.0,-2002.0,13311.0,-1853.0,0.0,-176.0,11407.0,0.0,11407.0,-365.0,9013.0,-1694.0,2497.0,803.0,-18146.0,-18146.0,-3375.0,-222.0,-20940.0,1384.0,1697.0,-3375.0,1.496,0.5318,1.3963,38.3619,22.0414,22.0414,,22.525,19.2907,0.182,10.7807,1.9009,47.3467,14.3436,14.3436,3.5109,6.7154,4.5343,0.7749,0.6684,58313.0,22370.0,12853.0,15639.0,11249.0,0.64,17619.0,320400.0,94051.0,89086.0,241975.0,78425.0
2019-12-31,AAPL,91819.0,56602.0,35217.0,4451.0,5197.0,,66250.0,25569.0,349.0,25918.0,3682.0,22236.0,,22236.0,,22236.0,28385.0,25569.0,17660.16,17818.42,1.26,1.25,107162.0,39946.0,4097.0,,12026.0,163231.0,37031.0,99899.0,,40457.0,177387.0,340618.0,102161.0,93078.0,55848.0,148926.0,251087.0,45972.0,43977.0,-418.0,,89531.0,340618.0,22236.0,2816.0,1219.0,4035.0,2015.0,-28.0,-1089.0,3347.0,4245.0,30516.0,-2107.0,,-958.0,-10396.0,,-10396.0,-207.0,-13668.0,1210.0,-979.0,231.0,-20704.0,-20704.0,-3539.0,-1395.0,-25407.0,-8559.0,1710.0,-3539.0,1.5978,0.5097,1.2095,38.3548,27.8472,27.8472,,28.2273,24.2172,0.2696,13.8155,2.2986,39.1546,24.8361,24.8361,6.5281,12.1768,5.1044,1.7126,1.5944,91819.0,35217.0,25569.0,28385.0,22236.0,1.25,17818.0,340618.0,107162.0,93078.0,251087.0,89531.0
2019-09-30,AAPL,64040.0,39727.0,24313.0,4110.0,4578.0,,48415.0,15625.0,502.0,16127.0,2441.0,13686.0,,13686.0,,13686.0,18804.0,15625.0,18471.34,18595.65,0.7675,0.765,100557.0,45804.0,4106.0,,12352.0,162819.0,37378.0,105341.0,,32978.0,175697.0,338516.0,105718.0,91807.0,50503.0,142310.0,248028.0,45174.0,45898.0,-584.0,,90488.0,338516.0,13686.0,3179.0,885.0,4064.0,-8768.0,-785.0,17881.0,-6168.0,2160.0,19910.0,-2777.0,0.0,-13.0,3063.0,-261.0,2802.0,-810.0,-798.0,3658.0,-3951.0,-293.0,-17054.0,-17054.0,-3479.0,-213.0,-21039.0,-1927.0,1499.0,-3479.0,1.5401,0.5036,1.194,37.9653,24.3988,24.3988,,25.1827,21.371,0.1892,9.6754,1.3981,64.3716,15.1247,15.1247,4.0429,7.5076,5.0913,1.0432,0.8982,64040.0,24313.0,15625.0,18804.0,13686.0,0.77,18596.0,338516.0,100557.0,91807.0,248028.0,90488.0
2019-06-30,AAPL,53809.0,33582.0,20227.0,4257.0,4426.0,,42265.0,11544.0,367.0,11911.0,1867.0,10044.0,,10044.0,,10044.0,14477.0,11544.0,18282.53,18405.52,0.55,0.545,94614.0,26474.0,3355.0,,10530.0,134973.0,37636.0,115996.0,,33634.0,187266.0,322239.0,89704.0,84936.0,51143.0,136079.0,225783.0,43371.0,53724.0,-639.0,,96456.0,322239.0,10044.0,2933.0,1457.0,4390.0,919.0,1502.0,220.0,-5439.0,-2798.0,11636.0,-2000.0,0.0,-320.0,28736.0,1384.0,30120.0,-298.0,27502.0,-3000.0,-1990.0,-4990.0,-16954.0,-16954.0,-3629.0,-1231.0,-26804.0,12334.0,1496.0,-3629.0,1.5046,0.4682,1.124,37.5904,21.4537,21.4537,,22.1357,18.666,0.167,10.0095,2.0325,44.28,10.413,10.413,3.1169,5.5372,5.3215,0.6756,0.5604,53809.0,20227.0,11544.0,14477.0,10044.0,0.55,18406.0,322239.0,94614.0,84936.0,225783.0,96456.0
2019-03-31,AAPL,58015.0,36194.0,21821.0,3948.0,4458.0,,44600.0,13415.0,378.0,13793.0,2232.0,11561.0,,11561.0,,11561.0,16455.0,13415.0,18696.28,18802.58,0.6175,0.615,80092.0,26278.0,4884.0,,12092.0,123346.0,38746.0,145319.0,,34587.0,218652.0,341998.0,93772.0,90201.0,52165.0,142366.0,236138.0,42801.0,64558.0,-1499.0,,105860.0,341998.0,11561.0,3040.0,1176.0,4216.0,2964.0,70.0,-11523.0,3867.0,-4622.0,11155.0,-2363.0,0.0,-124.0,15812.0,-63.0,15749.0,86.0,13348.0,-2500.0,-42.0,-2542.0,-23312.0,-23312.0,-3443.0,-160.0,-29457.0,-4954.0,1514.0,-3443.0,1.3154,0.4601,1.064,37.6127,23.1233,23.1233,,23.7749,19.9276,0.1696,7.4107,2.2077,40.7657,10.921,10.921,3.3804,5.8966,5.7442,0.6149,0.4864,58015.0,21821.0,13415.0,16455.0,11561.0,0.62,18803.0,341998.0,80092.0,90201.0,236138.0,105860.0
2018-12-31,AAPL,84310.0,52279.0,32031.0,3902.0,4783.0,,60964.0,23346.0,560.0,23906.0,3941.0,19965.0,,19965.0,,19965.0,26741.0,23346.0,18943.28,19093.01,1.055,1.045,86427.0,36981.0,4988.0,,12432.0,140828.0,39597.0,158608.0,,34686.0,232891.0,373719.0,108283.0,92989.0,54555.0,147544.0,255827.0,40970.0,80510.0,-3588.0,,117892.0,373719.0,19965.0,3395.0,1558.0,4953.0,5130.0,-1076.0,-8501.0,6219.0,1772.0,26690.0,-3355.0,,-167.0,9849.0,-427.0,9422.0,-56.0,5844.0,,6.0,6.0,-8796.0,-8796.0,-3568.0,-1318.0,-13676.0,18858.0,1559.0,-3568.0,1.3006,0.441,0.9732,37.9919,27.6907,27.6907,,28.3549,23.6805,0.2256,10.481,2.2798,39.4768,16.935,16.935,5.3422,9.4674,6.2313,1.3979,1.2222,84310.0,32031.0,23346.0,26741.0,19965.0,1.05,19093.0,373719.0,86427.0,92989.0,255827.0,117892.0
2018-09-30,AAPL,62900.0,38816.0,24084.0,3750.0,4216.0,,46782.0,16118.0,303.0,16421.0,2296.0,14125.0,,14125.0,,14125.0,18872.0,16118.0,19821.51,20000.44,0.7425,0.74,66301.0,48995.0,3956.0,,12087.0,131339.0,41304.0,170799.0,,22283.0,234386.0,365725.0,115929.0,93735.0,48914.0,142649.0,258578.0,40201.0,70400.0,-3454.0,,107147.0,365725.0,14125.0,2754.0,1830.0,4584.0,-9078.0,1942.0,19585.0,-11635.0,814.0,19523.0,-3041.0,0.0,-290.0,592.0,-40.0,552.0,-222.0,-3001.0,0.0,-27.0,-27.0,-18763.0,-18763.0,-3530.0,-260.0,-22580.0,-6058.0,1345.0,-3530.0,1.1329,0.4666,1.0685,38.2894,25.6248,25.6248,,26.1065,22.4563,0.172,9.8119,1.2838,70.1041,13.1828,13.1828,3.8622,7.0315,5.6334,0.9329000000000001,0.7886000000000001,62900.0,24084.0,16118.0,18872.0,14125.0,0.74,20000.0,365725.0,66301.0,93735.0,258578.0,107147.0
2018-06-30,AAPL,53265.0,32844.0,20421.0,3701.0,4108.0,,40653.0,12612.0,672.0,13284.0,1765.0,11519.0,,11519.0,,11519.0,15277.0,12612.0,19528.67,19706.44,0.59,0.585,70970.0,26367.0,5936.0,,12488.0,115761.0,38117.0,172773.0,,22546.0,233436.0,349197.0,88548.0,97128.0,45694.0,145700.0,234248.0,38624.0,79436.0,-3111.0,,114949.0,349197.0,11519.0,2665.0,2218.0,4883.0,233.0,1693.0,1594.0,-5434.0,-1914.0,14488.0,-3267.0,0.0,-126.0,9394.0,-1315.0,8079.0,-739.0,3947.0,-6000.0,-10.0,-6010.0,-20782.0,-20782.0,-3653.0,-1078.0,-31523.0,-13088.0,1351.0,-3653.0,1.3073,0.458,0.997,38.3385,23.6778,23.6778,,24.9395,21.6258,0.1525,5.533,2.0201,44.5514,10.021,10.021,3.2987,5.4315,5.9339,0.7969,0.6211,53265.0,20421.0,12612.0,15277.0,11519.0,0.59,19706.0,349197.0,70970.0,97128.0,234248.0,114949.0
2018-03-31,AAPL,61137.0,37715.0,23422.0,3378.0,4150.0,,45243.0,15894.0,274.0,16168.0,2346.0,13822.0,,13822.0,,13822.0,18633.0,15894.0,20099.51,20273.97,0.6875,0.6825,87940.0,22408.0,7662.0,,12043.0,130053.0,35077.0,179286.0,,23086.0,237449.0,367502.0,89320.0,101362.0,46855.0,151304.0,240624.0,38044.0,91898.0,-3064.0,,126878.0,367502.0,13822.0,2739.0,710.0,3449.0,9093.0,-3241.0,-24606.0,16613.0,-2141.0,15130.0,-4195.0,0.0,-132.0,32800.0,-22.0,32778.0,259.0,28710.0,-500.0,-2.0,-502.0,-22429.0,-22429.0,-3190.0,-151.0,-26272.0,17568.0,1348.0,-3190.0,1.456,0.4441,0.9603,38.3107,25.9974,25.9974,,26.4455,22.6082,0.1664,4.9223,2.7284,32.9869,10.8939,10.8939,3.7611,6.0559,6.4167,0.7704000000000001,0.5611,61137.0,23422.0,15894.0,18633.0,13822.0,0.68,20274.0,367502.0,87940.0,101362.0,240624.0,126878.0
2017-12-31,AAPL,88293.0,54381.0,33912.0,3407.0,4231.0,,62019.0,26274.0,756.0,27030.0,6965.0,20065.0,,20065.0,,20065.0,29019.0,26274.0,20451.51,20631.15,0.98,0.9725,77153.0,50899.0,4421.0,,11337.0,143810.0,33679.0,207944.0,8038.0,13323.0,262984.0,406794.0,115788.0,103922.0,43754.0,150807.0,266595.0,36447.0,104593.0,-841.0,,140199.0,406794.0,20065.0,2745.0,-32452.0,-29707.0,-5570.0,434.0,12602.0,30469.0,37935.0,28293.0,-2810.0,,-173.0,-10423.0,-141.0,-10564.0,-43.0,-13590.0,6969.0,2.0,6971.0,-10095.0,-10095.0,-3339.0,-1038.0,-7501.0,7202.0,1296.0,-3339.0,1.242,0.4257,0.873,38.4085,29.7577,29.7577,,30.614,22.7255,0.217,12.3006,1.7347,51.8831,14.3118,15.1822,4.9325,8.2193,6.8973,1.3714,1.2352,88293.0,33912.0,26274.0,29019.0,20065.0,0.97,20631.0,406794.0,77153.0,103922.0,266595.0,140199.0
2017-09-30,AAPL,52579.0,32648.0,19931.0,2997.0,3814.0,,39459.0,13120.0,797.0,13917.0,3203.0,10714.0,,10714.0,,10714.0,15604.0,13120.0,20868.97,21006.77,0.525,0.52,74181.0,35673.0,4855.0,,13936.0,128645.0,33783.0,194714.0,,18177.0,246674.0,375319.0,100814.0,97207.0,40415.0,140458.0,241272.0,35867.0,98330.0,-150.0,,134047.0,375319.0,10714.0,2484.0,2352.0,4836.0,-5474.0,-1709.0,14178.0,-6796.0,199.0,15749.0,-3865.0,0.0,-81.0,-5460.0,-308.0,-5768.0,-228.0,-9942.0,6937.0,-14.0,6923.0,-7514.0,-7514.0,-3270.0,-228.0,-4089.0,1718.0,1174.0,-3270.0,1.2761,0.4203,0.863,37.9068,24.9529,24.9529,,26.4687,20.377,0.1401,6.7246,1.4739,61.0618,7.9927,7.9927,2.8546,4.633,6.5373,0.7416,0.5591,52579.0,19931.0,13120.0,15604.0,10714.0,0.52,21007.0,375319.0,74181.0,97207.0,241272.0,134047.0
2017-06-30,AAPL,45408.0,27920.0,17488.0,2937.0,3783.0,,34640.0,10768.0,540.0,11308.0,2591.0,8717.0,,8717.0,,8717.0,13122.0,10768.0,20780.35,20934.0,0.42,0.4175,76759.0,22632.0,3146.0,,10338.0,112875.0,29286.0,184757.0,8105.0,10150.0,232298.0,345173.0,81302.0,89864.0,38598.0,131446.0,212748.0,34445.0,98525.0,-545.0,,132425.0,345173.0,8717.0,2354.0,3202.0,5556.0,-802.0,-236.0,1650.0,-6213.0,-5601.0,8672.0,-2277.0,0.0,-181.0,-749.0,-87.0,-836.0,114.0,-3180.0,7250.0,1987.0,9237.0,-7092.0,-7092.0,-3365.0,-858.0,-2078.0,3414.0,1193.0,-3365.0,1.3883,0.4043,0.8181,38.513,23.7139,23.7139,,24.9031,19.1971,0.1316,8.8748,2.0064,44.8573,6.5826,7.0117,2.5254,3.9215,6.4038,0.42450000000000004,0.314,45408.0,17488.0,10768.0,13122.0,8717.0,0.42,20934.0,345173.0,76759.0,89864.0,212748.0,132425.0
2017-03-31,AAPL,52896.0,32305.0,20591.0,2776.0,3718.0,,38799.0,14097.0,587.0,14684.0,3655.0,11029.0,,11029.0,,11029.0,16429.0,14097.0,20903.16,21046.75,0.5275,0.525,67101.0,20612.0,2910.0,,11367.0,101990.0,27163.0,189740.0,8090.0,7549.0,232542.0,334532.0,73342.0,84531.0,39470.0,127108.0,200450.0,33579.0,100925.0,-422.0,,134082.0,334532.0,11029.0,2332.0,2652.0,4984.0,2486.0,-198.0,-9322.0,3591.0,-3443.0,12570.0,-2975.0,86.0,-50.0,-11357.0,0.0,-11357.0,94.0,-14202.0,10975.0,-506.0,10469.0,-6888.0,-6888.0,-3004.0,-159.0,418.0,-1214.0,1217.0,-3004.0,1.3906,0.3867,0.7348,38.9273,26.6504,26.6504,,27.7601,20.8504,0.1581,11.1014,2.5663,35.0703,8.2256,8.7537,3.2968,5.045,6.439,0.6133000000000001,0.4701,52896.0,20591.0,14097.0,16429.0,11029.0,0.53,21047.0,334532.0,67101.0,84531.0,200450.0,134082.0
2016-12-31,AAPL,78351.0,48175.0,30176.0,2871.0,3946.0,,54992.0,23359.0,821.0,24180.0,6289.0,17891.0,,17891.0,,17891.0,26346.0,23359.0,21194.64,21311.98,0.845,0.84,60452.0,27977.0,2712.0,,12191.0,103332.0,26510.0,185638.0,8271.0,7390.0,227809.0,331141.0,84130.0,73557.0,37901.0,114621.0,198751.0,32144.0,100001.0,245.0,,132390.0,331141.0,17891.0,2987.0,2434.0,5421.0,1697.0,-580.0,2460.0,345.0,3922.0,27234.0,-3334.0,-86.0,-17.0,-15581.0,,-15581.0,-104.0,-19122.0,,2385.0,2385.0,-10851.0,-10851.0,-3130.0,-629.0,-12225.0,-4113.0,1256.0,-3130.0,1.2282,0.3572,0.6613,38.5139,29.8133,29.8133,,30.8611,22.8344,0.2366,17.7636,2.8006,32.1365,13.5139,14.4144,5.4028,8.6872,6.2978,1.2779,1.1214,78351.0,30176.0,23359.0,26346.0,17891.0,0.84,21312.0,331141.0,60452.0,73557.0,198751.0,132390.0
2016-09-30,AAPL,46852.0,29039.0,17813.0,2570.0,3482.0,,35091.0,11761.0,427.0,12188.0,3174.0,9014.0,,9014.0,,9014.0,14309.0,11761.0,21883.28,22001.12,0.4275,0.4275,67155.0,29299.0,2132.0,,8283.0,106869.0,27010.0,170430.0,8620.0,8757.0,214817.0,321686.0,79006.0,75427.0,36074.0,114431.0,193437.0,31251.0,96364.0,634.0,,128249.0,321686.0,9014.0,2548.0,844.0,3392.0,-4096.0,-301.0,11684.0,-3160.0,4127.0,16533.0,-3977.0,456.0,146.0,-3407.0,-12.0,-3419.0,-603.0,-7397.0,6970.0,-4389.0,2581.0,-7348.0,-7348.0,-3092.0,970.0,-6889.0,2247.0,1030.0,-3092.0,1.3527,0.3703,0.6786,38.0197,25.1025,25.1025,,26.0138,19.2393,0.1456,13.6205,1.5991,56.2817,7.0285,7.535,2.8021,4.4257,6.0085,0.7401,0.5614,46852.0,17813.0,11761.0,14309.0,9014.0,0.43,22001.0,321686.0,67155.0,75427.0,193437.0,128249.0
2016-06-30,AAPL,42358.0,26252.0,16106.0,2560.0,3441.0,,32253.0,10105.0,364.0,10469.0,2673.0,7796.0,,7796.0,,7796.0,12631.0,10105.0,21772.23,21891.12,0.3575,0.355,61756.0,19042.0,1831.0,,11132.0,93761.0,25448.0,169764.0,8767.0,7862.0,211841.0,305602.0,71486.0,68939.0,35572.0,107575.0,179061.0,30106.0,96542.0,-107.0,,126541.0,305602.0,7796.0,2526.0,3264.0,5790.0,85.0,450.0,-179.0,-3308.0,-2952.0,10634.0,-2809.0,-96.0,-6.0,-184.0,-1250.0,-1434.0,-125.0,-4470.0,-100.0,4495.0,4395.0,-10166.0,-10166.0,-3187.0,-483.0,-9441.0,-3277.0,1054.0,-3187.0,1.3116,0.3527,0.6712,38.0235,23.8562,23.8562,,24.7155,18.405,0.1386,14.3375,2.2245,40.4594,6.1608,6.6195,2.551,3.9881,5.866,0.5077,0.376,42358.0,16106.0,10105.0,12631.0,7796.0,0.36,21891.0,305602.0,61756.0,68939.0,179061.0,126541.0
2016-03-31,AAPL,50557.0,30636.0,19921.0,2511.0,3423.0,,36570.0,13987.0,155.0,14142.0,3626.0,10516.0,,10516.0,,10516.0,16464.0,13987.0,22057.52,22163.54,0.4775,0.475,55283.0,19824.0,2281.0,,10204.0,87592.0,23203.0,177645.0,9092.0,7745.0,217685.0,305277.0,68265.0,69374.0,33859.0,106555.0,174820.0,29484.0,102021.0,-1048.0,,130457.0,305277.0,10516.0,2477.0,2746.0,5223.0,642.0,170.0,-8536.0,3586.0,-4138.0,11601.0,-2336.0,-263.0,-54.0,-10983.0,0.0,-10983.0,-24.0,-13660.0,15584.0,737.0,16321.0,-6421.0,-6421.0,-2902.0,-114.0,6884.0,4825.0,1048.0,-2902.0,1.2831,0.3472,0.6122,39.4031,27.6658,27.6658,,27.9724,20.8003,0.1656,13.431,2.5503,35.2901,8.0609,8.6648,3.4447,5.2624,5.9532,0.5352,0.4283,50557.0,19921.0,13987.0,16464.0,10516.0,0.48,22164.0,305277.0,55283.0,69374.0,174820.0,130457.0
2015-12-31,AAPL,75872.0,45449.0,30423.0,2404.0,3848.0,,51701.0,24171.0,402.0,24573.0,6212.0,18361.0,,18361.0,,18361.0,27125.0,24171.0,22235.72,22376.51,0.825,0.82,38074.0,24621.0,2451.0,,11073.0,76219.0,22300.0,177665.0,9126.0,7974.0,217065.0,293284.0,76092.0,53204.0,32175.0,88925.0,165017.0,28253.0,101494.0,-1480.0,,128267.0,293284.0,18361.0,2954.0,2780.0,5734.0,3896.0,-102.0,-852.0,426.0,3368.0,27463.0,-3612.0,-394.0,-86.0,-16060.0,-126.0,-16186.0,-172.0,-20450.0,,-1240.0,-1240.0,-6862.0,-6862.0,-2969.0,-373.0,-11444.0,-4431.0,1078.0,-2969.0,1.0017,0.2932,0.4909,40.0978,31.8576,31.8576,,32.3874,24.2,0.2587,18.543,3.0816,29.2056,14.3147,15.4112,6.2605,10.1179,5.7835,1.2273,1.0659,75872.0,30423.0,24171.0,27125.0,18361.0,0.82,22377.0,293284.0,38074.0,53204.0,165017.0,128267.0
2015-09-30,AAPL,51501.0,30953.0,20548.0,2220.0,3705.0,,36878.0,14623.0,439.0,15062.0,3938.0,11124.0,,11124.0,,11124.0,17742.0,14623.0,23013.68,23172.28,0.5,0.495,41601.0,30343.0,2349.0,,15085.0,89378.0,22471.0,164065.0,9009.0,5422.0,200967.0,290345.0,80610.0,53329.0,33427.0,90380.0,170990.0,27416.0,92284.0,-345.0,,119355.0,290345.0,11124.0,3119.0,-138.0,2981.0,-6673.0,-307.0,8264.0,-1914.0,-630.0,13475.0,-3618.0,-40.0,-113.0,2556.0,0.0,2556.0,-160.0,-1375.0,5802.0,3999.0,9801.0,-13034.0,-13034.0,-2964.0,-102.0,-6299.0,5801.0,915.0,-2964.0,1.1088,0.3088,0.539,39.8983,28.3936,28.3936,,29.246,21.5996,0.1774,13.1771,1.6973,53.0256,9.3201,10.081,3.8313,6.4418,5.3486,0.5714,0.4164,51501.0,20548.0,14623.0,17742.0,11124.0,0.5,23172.0,290345.0,41601.0,53329.0,170990.0,119355.0
2015-06-30,AAPL,49605.0,29924.0,19681.0,2034.0,3564.0,,35522.0,14083.0,390.0,14473.0,3796.0,10677.0,,10677.0,,10677.0,17167.0,14083.0,22919.54,23092.4,0.465,0.4625,34703.0,19907.0,2042.0,,9291.0,70953.0,21149.0,168145.0,8823.0,4081.0,202198.0,273151.0,65285.0,47419.0,31296.0,82189.0,147474.0,26327.0,98252.0,1098.0,,125677.0,273151.0,10677.0,3084.0,1797.0,4881.0,535.0,354.0,2165.0,-3624.0,-570.0,14988.0,-2043.0,-46.0,-115.0,-9245.0,0.0,-9245.0,46.0,-11403.0,9980.0,700.0,10680.0,-9985.0,-9985.0,-3053.0,-397.0,-2755.0,830.0,856.0,-3053.0,1.0868,0.2739,0.433,39.6754,28.3903,28.3903,,29.1765,21.524,0.1816,14.6543,2.4918,36.1179,8.4956,9.137,3.9088,6.1683,5.5069,0.6732,0.5822,49605.0,19681.0,14083.0,17167.0,10677.0,0.46,23092.0,273151.0,34703.0,47419.0,147474.0,125677.0
2015-03-31,AAPL,58010.0,34354.0,23656.0,1918.0,3460.0,,39732.0,18278.0,286.0,18564.0,4995.0,13569.0,,13569.0,,13569.0,20757.0,18278.0,23175.2,23339.43,0.585,0.5825,33096.0,18164.0,2396.0,,9094.0,67891.0,20151.0,160443.0,8772.0,3937.0,193303.0,261194.0,58729.0,40072.0,29816.0,73459.0,132188.0,25376.0,100920.0,2710.0,,129006.0,261194.0,13569.0,2479.0,609.0,3088.0,5804.0,-113.0,-14431.0,11164.0,2424.0,19081.0,-2369.0,-107.0,-92.0,-19786.0,0.0,-19786.0,23.0,-22331.0,7847.0,-99.0,7748.0,-6741.0,-6741.0,-2743.0,-3.0,-1739.0,-4989.0,927.0,-2743.0,1.156,0.237,0.3401,40.7792,31.5084,31.5084,,32.0014,23.3908,0.2221,14.3381,3.1937,28.1807,10.5181,11.2855,5.195,8.0253,5.597,0.8291000000000001,0.7265,58010.0,23656.0,18278.0,20757.0,13569.0,0.58,23339.0,261194.0,33096.0,40072.0,132188.0,129006.0
2014-12-31,AAPL,74599.0,44858.0,29741.0,1895.0,3600.0,,50353.0,24246.0,170.0,24416.0,6392.0,18024.0,,18024.0,,18024.0,26821.0,24246.0,23372.33,23527.21,0.77,0.765,32463.0,29976.0,2283.0,,13635.0,83403.0,20392.0,145492.0,8999.0,3608.0,178491.0,261894.0,73611.0,32504.0,28971.0,64955.0,138566.0,24187.0,97178.0,1963.0,,123328.0,261894.0,18024.0,2575.0,3085.0,5660.0,751.0,-172.0,9003.0,456.0,10038.0,33722.0,-3217.0,-48.0,-23.0,-17942.0,,-17942.0,65.0,-21165.0,3485.0,-2409.0,1076.0,-4950.0,-4950.0,-2801.0,-248.0,-6923.0,5634.0,888.0,-2801.0,1.133,0.2086,0.2952,39.8678,32.5018,32.5018,,32.7297,24.1612,0.2848,19.6487,2.4886,36.1646,14.6147,15.765,6.8822,11.5663,5.2918,1.4333,1.2966,74599.0,29741.0,24246.0,26821.0,18024.0,0.77,23527.0,261894.0,32463.0,32504.0,138566.0,123328.0
2014-09-30,AAPL,42123.0,26114.0,16009.0,1686.0,3158.0,,30958.0,11165.0,307.0,11472.0,3005.0,8467.0,,8467.0,,8467.0,13134.0,11165.0,24342.29,24490.65,0.3625,0.36,25077.0,27219.0,2111.0,,9806.0,68531.0,20624.0,130162.0,8758.0,3764.0,163308.0,231839.0,63448.0,28987.0,24826.0,56844.0,120292.0,23313.0,87152.0,1082.0,,111547.0,231839.0,8467.0,1969.0,-45.0,1924.0,-6546.0,-246.0,8469.0,1182.0,2859.0,13250.0,-3826.0,-26.0,-2867.0,9707.0,-10.0,9697.0,19.0,2997.0,0.0,4296.0,4296.0,-16705.0,-16705.0,-2829.0,-142.0,-15380.0,867.0,762.0,-2829.0,1.0801,0.2063,0.3164,38.0054,26.5057,26.5057,,27.2345,20.1007,0.1817,12.3704,1.5476,58.1561,7.5905,8.2373,3.6521,6.0249,4.7538,0.5188,0.3653,42123.0,16009.0,11165.0,13134.0,8467.0,0.36,24491.0,231839.0,25077.0,28987.0,120292.0,111547.0
2014-06-30,AAPL,37432.0,22697.0,14735.0,1603.0,2850.0,,27150.0,10282.0,202.0,10484.0,2736.0,7748.0,,7748.0,,7748.0,12228.0,10282.0,24050.54,24206.84,0.3225,0.32,37805.0,16841.0,1594.0,,7825.0,67949.0,17585.0,126685.0,6141.0,4160.0,154571.0,222520.0,46205.0,29030.0,23287.0,55375.0,101580.0,22139.0,98715.0,86.0,,120940.0,222520.0,7748.0,1946.0,1819.0,3765.0,-1087.0,235.0,-156.0,-250.0,-1258.0,10255.0,-2378.0,-53.0,-339.0,-19474.0,0.0,-19474.0,30.0,-22214.0,11960.0,2010.0,13970.0,-4906.0,-4906.0,-2867.0,-210.0,5987.0,-5972.0,724.0,-2867.0,1.4706,0.1936,0.2567,39.3647,27.4685,27.4685,,28.0081,20.6989,0.1682,14.239,2.2227,40.4918,6.4065,6.7492,3.4819,5.1664,5.0483,0.4491,0.3486,37432.0,14735.0,10282.0,12228.0,7748.0,0.32,24207.0,222520.0,37805.0,29030.0,101580.0,120940.0
2014-03-31,AAPL,45646.0,27699.0,17947.0,1422.0,2932.0,,32053.0,13593.0,225.0,13818.0,3595.0,10223.0,,10223.0,,10223.0,15480.0,13593.0,24493.21,24626.8,0.4175,0.415,41350.0,15820.0,1829.0,,7528.0,70541.0,15120.0,109239.0,5983.0,5106.0,135448.0,205989.0,43208.0,16962.0,22476.0,42602.0,85810.0,21496.0,98934.0,-251.0,,120179.0,205989.0,10223.0,1887.0,1502.0,3389.0,4499.0,293.0,-10566.0,5700.0,-74.0,13538.0,-1382.0,-104.0,-34.0,13289.0,0.0,13289.0,-28.0,11741.0,0.0,0.0,0.0,-17764.0,-17764.0,-2661.0,18.0,-20407.0,4872.0,696.0,-2661.0,1.6326,0.1237,0.1411,39.3178,29.7792,29.7792,,30.2721,22.3963,0.2216,15.1443,2.8853,31.1922,8.5065,8.9522,4.9629,7.4544,4.9807,0.5721,0.514,45646.0,17947.0,13593.0,15480.0,10223.0,0.42,24627.0,205989.0,41350.0,16962.0,85810.0,120179.0
2013-12-31,AAPL,57594.0,35748.0,21846.0,1330.0,3053.0,,40131.0,17463.0,246.0,17709.0,4637.0,13072.0,,13072.0,,13072.0,19607.0,17463.0,25090.02,25240.64,0.52,0.5175,40711.0,25198.0,2122.0,,8574.0,80347.0,15488.0,118131.0,6127.0,5091.0,144837.0,225184.0,53769.0,16961.0,21699.0,41731.0,95500.0,20559.0,109431.0,-306.0,,129684.0,225184.0,13072.0,2144.0,1934.0,4078.0,-1098.0,-358.0,8191.0,-1215.0,5520.0,22670.0,-1985.0,-59.0,-525.0,-12539.0,,-12539.0,5.0,-15103.0,,,,-4895.0,-4895.0,-2769.0,-85.0,-7749.0,-182.0,681.0,-2769.0,1.4943,0.1157,0.1308,37.931,30.3209,30.3209,,30.748,22.6968,0.2558,16.8464,2.2857,39.376,10.0799,10.5797,5.805,8.914,5.1897,0.8982,0.8195,57594.0,21846.0,17463.0,19607.0,13072.0,0.52,25241.0,225184.0,40711.0,16961.0,95500.0,129684.0
2013-09-30,AAPL,37472.0,23601.0,13871.0,1168.0,2673.0,,27442.0,10030.0,113.0,10143.0,2631.0,7512.0,,7512.0,,7512.0,11813.0,10030.0,25909.28,26086.54,0.3021,0.2989,40546.0,20641.0,1764.0,,6882.0,73286.0,16597.0,106215.0,5756.0,5146.0,133714.0,207000.0,43658.0,16960.0,20208.0,39793.0,83451.0,19764.0,104256.0,-471.0,,123549.0,207000.0,7512.0,1783.0,-828.0,955.0,-4263.0,-67.0,7080.0,-1309.0,1441.0,9908.0,-1955.0,-351.0,-53.0,2942.0,0.0,2942.0,28.0,611.0,0.0,0.0,0.0,-4715.0,-4715.0,-2769.0,-24.0,-7508.0,3011.0,555.0,-2769.0,1.6786,0.1207,0.1373,37.017,26.7667,26.7667,,27.0682,20.047,0.181,13.3793,1.8154,49.5754,6.0802,6.3773,3.629,5.3463,4.907,0.3664,0.2933,37472.0,13871.0,10030.0,11813.0,7512.0,0.3,26087.0,207000.0,40546.0,16960.0,83451.0,123549.0
2013-06-30,AAPL,35323.0,22299.0,13024.0,1178.0,2645.0,,26122.0,9201.0,234.0,9435.0,2535.0,6900.0,,6900.0,,6900.0,10895.0,9201.0,25721.29,25879.42,0.2675,0.2675,42606.0,13453.0,1697.0,,7270.0,68219.0,16327.0,104014.0,5875.0,5421.0,131637.0,199856.0,36319.0,16958.0,20553.0,40183.0,76502.0,19024.0,104564.0,-234.0,,123354.0,199856.0,6900.0,1694.0,1145.0,2839.0,-1755.0,-452.0,-318.0,614.0,-1911.0,7828.0,-1885.0,-131.0,-144.0,-4252.0,0.0,-4252.0,-95.0,-6507.0,16896.0,0.0,16896.0,-15940.0,-15940.0,-2811.0,-271.0,-2126.0,-805.0,578.0,-2811.0,1.8783,0.1209,0.1375,36.8712,26.0482,26.0482,,26.7106,19.534,0.1767,13.1403,2.6257,34.2771,5.5937,5.8734,3.4525,4.9176,4.8495,0.33440000000000003,0.25780000000000003,35323.0,13024.0,9201.0,10895.0,6900.0,0.27,25879.0,199856.0,42606.0,16958.0,76502.0,123354.0
2013-03-31,AAPL,43603.0,27254.0,16349.0,1119.0,2672.0,,31045.0,12558.0,347.0,12905.0,3358.0,9547.0,,9547.0,,9547.0,14250.0,12558.0,26309.61,26488.98,0.3629,0.3604,39137.0,13336.0,1245.0,,6377.0,63337.0,15026.0,105550.0,5536.0,5294.0,131406.0,194743.0,35508.0,,20868.0,23745.0,59253.0,17954.0,116572.0,964.0,,135490.0,194743.0,9547.0,1692.0,1353.0,3045.0,4514.0,210.0,-10567.0,5755.0,-88.0,12504.0,-2008.0,-291.0,-15.0,-12002.0,0.0,-12002.0,-41.0,-14357.0,0.0,0.0,0.0,199.0,199.0,-2491.0,44.0,-2248.0,-4101.0,575.0,-2491.0,1.7837,,,37.4951,28.8008,28.8008,,29.5966,21.8953,0.2239,21.8908,3.2696,27.5266,7.0463,7.3464,4.9024,7.0463,5.1473,0.4731,0.3972,43603.0,16349.0,12558.0,14250.0,9547.0,0.36,26489.0,194743.0,39137.0,,59253.0,135490.0
2012-12-31,AAPL,54512.0,33452.0,21060.0,1010.0,2840.0,,37302.0,17210.0,462.0,17672.0,4594.0,13078.0,,13078.0,,13078.0,18798.0,17210.0,26289.65,26522.08,0.4975,0.4932,39820.0,21534.0,1455.0,,6644.0,72348.0,15422.0,97292.0,5843.0,5183.0,123740.0,196088.0,46879.0,,18925.0,21863.0,68742.0,17167.0,109567.0,612.0,,127346.0,196088.0,13078.0,1588.0,1724.0,3312.0,-668.0,-664.0,6145.0,2223.0,7036.0,23426.0,-2317.0,-138.0,-284.0,-10730.0,,-10730.0,-52.0,-13521.0,,,,-1874.0,-1874.0,-2493.0,-130.0,-4497.0,5408.0,545.0,-2493.0,1.5433,,,38.6337,31.571,31.571,,32.4186,23.9911,0.278,22.9911,2.5314,35.5529,10.2697,10.7635,6.6695,10.2697,4.8437,0.8833,0.7959,54512.0,21060.0,17210.0,18798.0,13078.0,0.49,26522.0,196088.0,39820.0,,68742.0,127346.0
2012-09-30,AAPL,35966.0,21565.0,14401.0,906.0,2551.0,,25022.0,10944.0,-51.0,10893.0,2670.0,8223.0,,8223.0,,8223.0,11925.0,10944.0,26174.9,26469.93,0.3129,0.31,29129.0,18692.0,791.0,,6458.0,57653.0,15452.0,92122.0,5359.0,5478.0,118411.0,176064.0,38542.0,,16664.0,19312.0,57854.0,16422.0,101289.0,499.0,,118210.0,176064.0,8223.0,981.0,787.0,1768.0,-3273.0,331.0,2017.0,70.0,-855.0,9136.0,-3461.0,-40.0,0.0,-820.0,0.0,-820.0,8.0,-4313.0,0.0,0.0,0.0,232.0,232.0,-2488.0,234.0,-2022.0,2801.0,448.0,-2488.0,1.4958,,,40.0406,30.4287,30.4287,,30.2869,22.8633,0.2043,27.263,1.9241,46.7742,6.9563,7.2866,4.6705,6.9563,4.495,0.34800000000000003,0.2169,35966.0,14401.0,10944.0,11925.0,8223.0,0.31,26470.0,176064.0,29129.0,,57854.0,118210.0
2012-06-30,AAPL,35023.0,20029.0,14994.0,876.0,2545.0,,23450.0,11573.0,288.0,11861.0,3037.0,8824.0,,8824.0,,8824.0,12408.0,11573.0,26224.69,26517.65,0.3364,0.3329,27654.0,14298.0,1122.0,,6560.0,51943.0,10487.0,89567.0,5461.0,5438.0,110953.0,162896.0,33060.0,,15560.0,18090.0,51150.0,15573.0,95641.0,532.0,,111746.0,162896.0,8824.0,835.0,1599.0,2434.0,-615.0,-20.0,-359.0,-75.0,-1069.0,10189.0,-2056.0,-907.0,0.0,-9339.0,0.0,-9339.0,-8.0,-12310.0,0.0,0.0,0.0,56.0,56.0,0.0,-111.0,-55.0,-2176.0,448.0,0.0,1.5712,,,42.8119,33.044,33.044,,33.8663,25.1949,0.215,17.8512,2.4495,36.7421,7.8965,8.3022,5.417,7.8965,4.2581,0.3815,0.3042,35023.0,14994.0,11573.0,12408.0,8824.0,0.33,26518.0,162896.0,27654.0,,51150.0,111746.0
2012-03-31,AAPL,39186.0,20622.0,18564.0,841.0,2339.0,,23802.0,15384.0,148.0,15532.0,3910.0,11622.0,,11622.0,,11622.0,16124.0,15384.0,26140.29,26457.0,0.4446,0.4393,28538.0,13769.0,1102.0,,5050.0,50712.0,8847.0,81638.0,4745.0,4992.0,100222.0,150934.0,32036.0,,13954.0,16400.0,48436.0,14850.0,87124.0,524.0,,102498.0,150934.0,11622.0,740.0,1883.0,2623.0,1898.0,134.0,-1505.0,-795.0,-268.0,13977.0,-1457.0,-52.0,-350.0,-12603.0,0.0,-12603.0,-14.0,-14476.0,0.0,0.0,0.0,286.0,286.0,0.0,24.0,310.0,-189.0,424.0,0.0,1.583,,,47.3741,39.2589,39.2589,,39.6366,29.6586,0.2596,18.7133,2.846,31.6238,11.3388,11.8892,7.7001,11.3388,3.9152,0.526,0.4711,39186.0,18564.0,15384.0,16124.0,11622.0,0.44,26457.0,150934.0,28538.0,,48436.0,102498.0
2011-12-31,AAPL,46333.0,25630.0,20703.0,758.0,2605.0,,28993.0,17340.0,137.0,17477.0,4413.0,13064.0,,13064.0,,13064.0,18061.0,17340.0,26069.15,26364.02,0.5011,0.4954,30156.0,16484.0,1236.0,,4958.0,54771.0,7816.0,67445.0,4368.0,4281.0,83910.0,138681.0,34607.0,,11833.0,14020.0,48627.0,13961.0,75709.0,384.0,,90054.0,138681.0,13064.0,721.0,1876.0,2597.0,-3561.0,-460.0,4314.0,1600.0,1893.0,17554.0,-1321.0,-108.0,,-15665.0,,-15665.0,-34.0,-17128.0,,,,91.0,91.0,,-22.0,69.0,495.0,420.0,0.0,1.5827,,,44.6831,37.4247,37.4247,,37.7204,28.1959,0.3341,20.7363,2.8108,32.0195,14.5069,15.2464,9.4202,14.5069,3.4501,0.6658,0.6157,46333.0,20703.0,17340.0,18061.0,13064.0,0.5,26364.0,138681.0,30156.0,,48627.0,90054.0
2011-09-30,AAPL,28270.0,16890.0,11380.0,645.0,2025.0,,19560.0,8710.0,81.0,8791.0,2168.0,6623.0,,6623.0,,6623.0,9253.0,8710.0,25879.22,26226.06,0.255,0.2521,25952.0,11717.0,776.0,,4529.0,44988.0,7777.0,55618.0,4432.0,3556.0,71383.0,116371.0,27970.0,,10100.0,11786.0,39756.0,13331.0,62841.0,443.0,,76615.0,116371.0,6623.0,543.0,934.0,1477.0,735.0,113.0,35.0,1446.0,2329.0,10429.0,-1645.0,-2926.0,-244.0,-8028.0,0.0,-8028.0,-293.0,-13136.0,0.0,0.0,0.0,254.0,254.0,0.0,177.0,431.0,-2276.0,298.0,0.0,1.6084,,,40.2547,30.8101,30.8101,,31.0966,23.4277,0.2429,21.7655,2.4127,37.3021,8.6445,9.1753,5.6913,8.6445,2.9445,0.399,0.336,28270.0,11380.0,8710.0,9253.0,6623.0,0.25,26226.0,116371.0,25952.0,,39756.0,76615.0
2011-06-30,AAPL,28571.0,16649.0,11922.0,628.0,1915.0,,19192.0,9379.0,172.0,9551.0,2243.0,7308.0,,7308.0,,7308.0,9860.0,9379.0,25931.02,26258.68,0.2818,0.2782,28395.0,11471.0,889.0,,4251.0,46898.0,6749.0,47761.0,1910.0,3440.0,59860.0,106758.0,26859.0,,9149.0,10556.0,37415.0,12715.0,56239.0,389.0,,69343.0,106758.0,7308.0,481.0,953.0,1434.0,-304.0,41.0,854.0,1775.0,2366.0,11108.0,-777.0,-185.0,0.0,-14092.0,0.0,-14092.0,22.0,-15032.0,0.0,0.0,0.0,83.0,83.0,0.0,-46.0,37.0,-3887.0,284.0,0.0,1.7461,,,41.7276,32.827,32.827,,33.429,25.5784,0.2676,18.7278,2.4907,36.1342,10.5389,10.8374,6.8454,10.5389,2.6718,0.4218,0.3924,28571.0,11922.0,9379.0,9860.0,7308.0,0.28,26259.0,106758.0,28395.0,,37415.0,69343.0
2011-03-31,AAPL,24667.0,14449.0,10218.0,581.0,1763.0,,16793.0,7874.0,26.0,7900.0,1913.0,5987.0,,5987.0,,5987.0,8308.0,7874.0,25849.49,26206.43,0.2318,0.2286,29234.0,11095.0,930.0,,4055.0,46997.0,6241.0,36533.0,1248.0,3885.0,47907.0,94904.0,24327.0,,7870.0,9100.0,33427.0,12326.0,49025.0,126.0,,61477.0,94904.0,5987.0,434.0,1027.0,1461.0,229.0,-45.0,-720.0,-693.0,-1229.0,6219.0,-624.0,-32.0,0.0,-901.0,0.0,-901.0,35.0,-1522.0,0.0,0.0,0.0,286.0,286.0,0.0,261.0,547.0,5244.0,287.0,0.0,1.9319,,,41.4238,31.9212,31.9212,,32.0266,24.2713,0.2599,15.5366,2.2233,40.4812,9.7386,9.9404,6.3085,9.7386,2.3745,0.23620000000000002,0.21250000000000002,24667.0,10218.0,7874.0,8308.0,5987.0,0.23,26206.0,94904.0,29234.0,,33427.0,61477.0
2010-12-31,AAPL,26741.0,16443.0,10298.0,575.0,1896.0,,18914.0,7827.0,136.0,7963.0,1959.0,6004.0,,6004.0,,6004.0,8183.0,7827.0,25740.23,26128.31,0.2332,0.2296,26977.0,10874.0,885.0,,3467.0,43927.0,5868.0,32730.0,1263.0,2954.0,42815.0,86742.0,23795.0,,7065.0,8281.0,32076.0,11502.0,43050.0,114.0,,54666.0,86742.0,6004.0,356.0,1122.0,1478.0,-517.0,166.0,2346.0,296.0,2291.0,9773.0,-1214.0,-49.0,,-9443.0,,-9443.0,-23.0,-10729.0,,,,208.0,208.0,,221.0,429.0,-527.0,299.0,,1.8461,,,38.5102,29.2697,29.2697,,29.7782,22.4524,0.3083,18.5797,2.4592,36.5977,10.9831,11.2428,6.9217,10.9831,2.1197,0.374,0.3276,26741.0,10298.0,7827.0,8183.0,6004.0,0.23,26128.0,86742.0,26977.0,,32076.0,54666.0
2010-09-30,AAPL,20343.0,12831.0,7512.0,494.0,1571.0,,14896.0,5447.0,14.0,5461.0,1153.0,4308.0,,4308.0,,4308.0,5776.0,5447.0,25464.91,25891.94,0.1682,0.1657,25620.0,9924.0,1051.0,,3447.0,41678.0,4768.0,25391.0,1083.0,2263.0,33505.0,75183.0,20722.0,,5531.0,6670.0,27392.0,10668.0,37169.0,-46.0,,47791.0,75183.0,4308.0,329.0,366.0,695.0,-2063.0,-109.0,3495.0,-643.0,680.0,5683.0,-760.0,-53.0,-23.0,-3563.0,0.0,-3563.0,16.0,-4383.0,0.0,0.0,0.0,179.0,179.0,0.0,77.0,256.0,1556.0,224.0,0.0,2.0113,,,36.9267,26.7758,26.7758,,26.8446,21.1768,0.2706,12.2084,2.0499,43.905,9.0143,9.2233,5.73,9.0143,1.8634,0.2209,0.19140000000000001,20343.0,7512.0,5447.0,5776.0,4308.0,0.17,25892.0,75183.0,25620.0,,27392.0,47791.0
2010-06-30,AAPL,15700.0,9564.0,6136.0,464.0,1438.0,,11466.0,4234.0,58.0,4292.0,1039.0,3253.0,,3253.0,,3253.0,4507.0,4234.0,25541.52,25966.11,0.1275,0.1254,24288.0,6399.0,942.0,,3188.0,36033.0,3990.0,21551.0,1032.0,2119.0,28692.0,64725.0,15612.0,,4981.0,6002.0,21614.0,10133.0,32870.0,108.0,,43111.0,64725.0,3253.0,273.0,624.0,897.0,-561.0,-304.0,2830.0,-1314.0,651.0,4801.0,-595.0,-31.0,-290.0,-4468.0,0.0,-4468.0,-46.0,-5430.0,0.0,0.0,0.0,199.0,199.0,0.0,117.0,316.0,-313.0,219.0,0.0,2.308,,,39.0828,26.9682,26.9682,,27.3376,20.7198,0.2426,10.1529,2.4535,36.6822,7.5456,7.7307,5.0259,7.5456,1.6855,0.1834,0.16060000000000002,15700.0,6136.0,4234.0,4507.0,3253.0,0.13,25966.0,64725.0,24288.0,,21614.0,43111.0
2010-03-31,AAPL,13499.0,7874.0,5625.0,426.0,1220.0,,9520.0,3979.0,50.0,4029.0,955.0,3074.0,,3074.0,,3074.0,4195.0,3979.0,25411.34,25840.58,0.1211,0.1189,23155.0,2886.0,638.0,,4515.0,32336.0,3504.0,18549.0,743.0,1925.0,24721.0,57057.0,12229.0,,4539.0,5480.0,17709.0,9553.0,29670.0,125.0,,39348.0,57057.0,3074.0,216.0,699.0,915.0,211.0,-62.0,-974.0,-834.0,-1659.0,2330.0,-274.0,-27.0,-325.0,463.0,0.0,463.0,80.0,-83.0,0.0,0.0,0.0,160.0,160.0,0.0,2.0,162.0,2409.0,231.0,0.0,2.6442,,,41.6698,29.4763,29.4763,,29.8467,22.7721,0.2366,12.3417,4.6774,19.2414,7.8123,7.9627,5.3876,7.8123,1.5449,0.08940000000000001,0.07880000000000001,13499.0,5625.0,3979.0,4195.0,3074.0,0.12,25841.0,57057.0,23155.0,,17709.0,39348.0
2009-12-31,AAPL,15683.0,9272.0,6411.0,398.0,1288.0,,10958.0,4725.0,33.0,4758.0,1380.0,3378.0,,3378.0,,3378.0,4934.0,4725.0,25299.18,25753.92,0.1336,0.1311,24796.0,3090.0,576.0,,3690.0,33332.0,3115.0,15024.0,494.0,1961.0,20594.0,53926.0,13097.0,,4139.0,5061.0,18158.0,8962.0,26695.0,111.0,,35768.0,53926.0,3378.0,209.0,630.0,839.0,271.0,-121.0,956.0,458.0,1564.0,5781.0,-376.0,-5.0,,-3507.0,,-3507.0,-70.0,-3958.0,,,,374.0,374.0,,149.0,523.0,2346.0,205.0,,2.545,,,40.8787,30.1282,30.1282,,30.3386,21.5393,0.2908,16.0972,5.0754,17.7326,9.4442,9.5765,6.2641,9.4442,1.4095,0.2245,0.2099,15683.0,6411.0,4725.0,4934.0,3378.0,0.13,25754.0,53926.0,24796.0,,18158.0,35768.0
2009-09-30,AAPL,12207.0,7102.0,5105.0,358.0,1063.0,,8523.0,3684.0,45.0,3729.0,1197.0,2532.0,,2532.0,,2532.0,3887.0,3684.0,25004.45,25396.14,0.1004,0.0993,23464.0,5057.0,455.0,,1444.0,31555.0,2954.0,10528.0,453.0,2011.0,15946.0,47501.0,11506.0,,3502.0,4355.0,15861.0,8210.0,23353.0,77.0,,31640.0,47501.0,2532.0,203.0,430.0,633.0,-675.0,-75.0,740.0,-45.0,-55.0,3110.0,-459.0,-13.0,0.0,-3247.0,61.0,-3186.0,-113.0,-3771.0,0.0,0.0,0.0,187.0,187.0,0.0,132.0,319.0,-342.0,180.0,0.0,2.7425,,,41.8203,30.1794,30.1794,,30.548,20.7422,0.257,15.6088,2.4139,37.2843,8.0025,8.1188,5.3304,8.0025,1.2558,0.1231,0.105,12207.0,5105.0,3684.0,3887.0,2532.0,0.1,25396.0,47501.0,23464.0,,15861.0,31640.0
2009-06-30,AAPL,9734.0,5751.0,3983.0,341.0,1010.0,,7102.0,2632.0,60.0,2692.0,864.0,1828.0,,1828.0,,1828.0,2814.0,2632.0,25023.94,25456.48,0.0732,0.0718,24222.0,2686.0,380.0,,6151.0,35170.0,2653.0,6899.0,466.0,2952.0,12970.0,48140.0,16661.0,,1924.0,5591.0,22252.0,7957.0,17878.0,53.0,,25888.0,48140.0,1828.0,182.0,391.0,573.0,-754.0,-68.0,879.0,-188.0,-131.0,2270.0,-246.0,-26.0,0.0,-1053.0,-7.0,-1060.0,-7.0,-1339.0,0.0,0.0,0.0,166.0,166.0,0.0,42.0,208.0,1139.0,179.0,0.0,2.1109,,,40.9184,27.0393,27.0393,,27.6556,18.7795,0.2022,15.1342,3.624,24.8346,7.0612,7.1906,3.7973,7.0612,1.0322,0.0879,0.07830000000000001,9734.0,3983.0,2632.0,2814.0,1828.0,0.07,25456.0,48140.0,24222.0,,22252.0,25888.0
2009-03-31,AAPL,9084.0,5457.0,3627.0,319.0,985.0,,6761.0,2323.0,63.0,2386.0,766.0,1620.0,,1620.0,,1620.0,2504.0,2323.0,24953.04,25283.8,0.065,0.0639,25013.0,1932.0,312.0,,5057.0,33853.0,2546.0,3865.0,475.0,2498.0,9384.0,43237.0,13751.0,,1715.0,5175.0,18926.0,7643.0,16653.0,15.0,,24311.0,43237.0,1620.0,181.0,476.0,657.0,264.0,84.0,-760.0,-1024.0,-1436.0,841.0,-100.0,-16.0,0.0,-3558.0,-16.0,-3574.0,5.0,-3685.0,0.0,0.0,0.0,45.0,45.0,0.0,29.0,74.0,-2770.0,181.0,0.0,2.4619,,,39.9274,25.5724,25.5724,,26.266,17.8336,0.2101,17.4904,4.7019,19.1414,6.6637,6.7964,3.7468,6.6637,0.9735,0.033,0.0291,9084.0,3627.0,2323.0,2504.0,1620.0,0.06,25284.0,43237.0,25013.0,,18926.0,24311.0
2008-12-31,AAPL,11880.0,7373.0,4507.0,315.0,1091.0,,8779.0,3101.0,158.0,3259.0,1004.0,2255.0,,2255.0,,2255.0,3269.0,3101.0,24895.98,25241.83,0.0907,0.0893,25647.0,2196.0,396.0,,5311.0,35163.0,2580.0,2498.0,484.0,2062.0,7624.0,42787.0,14757.0,,1681.0,5121.0,19878.0,7392.0,15448.0,69.0,,22909.0,42787.0,2255.0,168.0,453.0,621.0,226.0,113.0,-767.0,1490.0,1062.0,3938.0,-339.0,-14.0,,-8188.0,-38.0,-8226.0,-60.0,-8639.0,,,,77.0,77.0,,-15.0,62.0,-4639.0,170.0,,2.3828,,,37.9377,26.1027,26.1027,,27.4327,18.9815,0.2777,18.6187,5.4098,16.6364,9.8433,10.0557,5.2703,9.8433,0.9189,0.156,0.1426,11880.0,4507.0,3101.0,3269.0,2255.0,0.09,25242.0,42787.0,25647.0,,19878.0,22909.0
2008-09-30,AAPL,12907.0,8116.0,4791.0,298.0,999.0,,9413.0,3494.0,140.0,3634.0,1213.0,2421.0,,2421.0,,2421.0,3651.0,3494.0,24684.58,25259.89,0.0975,0.0954,22111.0,2422.0,509.0,,3920.0,30006.0,2455.0,2379.0,492.0,839.0,6165.0,36171.0,11361.0,,1745.0,2513.0,13874.0,7177.0,15129.0,-9.0,,22297.0,36171.0,2421.0,157.0,505.0,662.0,-819.0,36.0,1822.0,173.0,1212.0,4295.0,-403.0,-19.0,-220.0,-1314.0,-7.0,-1321.0,-30.0,-1993.0,0.0,0.0,0.0,72.0,72.0,0.0,128.0,200.0,2502.0,141.0,0.0,2.6411,,,37.1194,27.0706,27.0706,,28.1553,18.7573,0.3568,15.945,5.3291,16.8885,10.858,11.103,6.6932,10.858,0.8964,0.1703,0.15430000000000002,12907.0,4791.0,3494.0,3651.0,2421.0,0.1,25260.0,36171.0,22111.0,,13874.0,22297.0
2008-06-30,AAPL,7464.0,4864.0,2600.0,292.0,916.0,,6072.0,1392.0,118.0,1510.0,438.0,1072.0,,1072.0,,1072.0,1509.0,1392.0,24744.66,25288.68,0.0432,0.0425,20774.0,1603.0,545.0,,3945.0,27998.0,2177.0,,329.0,1205.0,3711.0,31709.0,9218.0,,2869.0,2869.0,12087.0,6831.0,12714.0,77.0,,19622.0,31709.0,1072.0,117.0,173.0,290.0,-10.0,-181.0,-486.0,636.0,-41.0,1321.0,-304.0,-26.0,0.0,-1027.0,-14.0,-1041.0,-1.0,-1372.0,0.0,0.0,0.0,178.0,178.0,0.0,176.0,354.0,303.0,133.0,0.0,3.0373,,,34.8339,18.6495,18.6495,,20.2304,14.3623,0.2354,8.9248,4.6563,19.3288,5.4633,5.5564,3.3807,5.4633,0.7912,0.051500000000000004,0.0396,7464.0,2600.0,1392.0,1509.0,1072.0,0.04,25289.0,31709.0,20774.0,,12087.0,19622.0
2008-03-31,AAPL,7512.0,5038.0,2474.0,273.0,886.0,,6197.0,1315.0,162.0,1477.0,432.0,1045.0,,1045.0,,1045.0,1431.0,1315.0,24627.29,25181.21,0.0425,0.0414,19448.0,1593.0,364.0,,4271.0,26736.0,1962.0,,338.0,1435.0,3735.0,30471.0,9634.0,,2784.0,2784.0,12418.0,6342.0,11642.0,69.0,,18053.0,30471.0,1045.0,116.0,112.0,228.0,346.0,95.0,-1224.0,703.0,-80.0,1193.0,-160.0,-55.0,0.0,-1141.0,-8.0,-1149.0,2.0,-1362.0,0.0,0.0,0.0,54.0,54.0,0.0,23.0,77.0,-92.0,132.0,0.0,2.7752,,,32.934,17.5053,17.5053,,19.6619,13.9111,0.2465,13.8407,4.7156,19.0855,5.7885,5.899,3.4295,5.7885,0.7315,0.0475,0.041100000000000005,7512.0,2474.0,1315.0,1431.0,1045.0,0.04,25181.0,30471.0,19448.0,,12418.0,18053.0
2007-12-31,AAPL,9608.0,6276.0,3332.0,246.0,960.0,,7482.0,2126.0,200.0,2326.0,745.0,1581.0,,1581.0,,1581.0,2232.0,2126.0,24524.08,25201.51,0.0646,0.0629,18448.0,1939.0,459.0,,4350.0,26189.0,1870.0,,349.0,1631.0,3850.0,30039.0,10535.0,,2700.0,2700.0,13235.0,6046.0,10684.0,74.0,,16804.0,30039.0,1581.0,106.0,146.0,252.0,-302.0,-113.0,484.0,885.0,954.0,2787.0,-224.0,-8.0,,-3240.0,-9.0,-3249.0,19.0,-3462.0,,,,179.0,179.0,,306.0,485.0,-190.0,110.0,,2.4859,,,34.6794,22.1274,22.1274,,24.209,16.455,0.3199,13.6732,4.9551,18.163,9.4085,9.608,5.2632,9.4085,0.683,0.1106,0.1017,9608.0,3332.0,2126.0,2232.0,1581.0,0.06,25202.0,30039.0,18448.0,,13235.0,16804.0
2007-09-30,AAPL,6789.0,4701.0,2088.0,207.0,823.0,,5731.0,1058.0,170.0,1228.0,325.0,903.0,,903.0,,903.0,1161.0,1058.0,24208.66,24900.18,0.0371,0.0357,15386.0,1637.0,346.0,,3805.0,21956.0,1832.0,,337.0,1222.0,3391.0,25347.0,9280.0,,1535.0,1535.0,10815.0,5368.0,9101.0,63.0,,14532.0,25347.0,903.0,103.0,-60.0,43.0,-227.0,-95.0,1224.0,-152.0,750.0,1696.0,-205.0,-29.0,0.0,626.0,-11.0,615.0,15.0,396.0,0.0,0.0,0.0,71.0,71.0,0.0,71.0,142.0,2234.0,68.0,0.0,2.3659,,,30.7556,15.584,15.584,,18.0881,13.3009,0.2678,13.5867,4.1472,21.7013,6.2139,6.3614,3.5626,6.2139,0.595,0.0684,0.0601,6789.0,2088.0,1058.0,1161.0,903.0,0.04,24900.0,25347.0,15386.0,,10815.0,14532.0
2007-06-30,AAPL,5410.0,3415.0,1995.0,208.0,746.0,,4369.0,1041.0,155.0,1196.0,378.0,818.0,,818.0,,818.0,1122.0,1041.0,24270.57,24938.79,0.0336,0.0329,13767.0,1410.0,251.0,,2630.0,18745.0,1626.0,,275.0,1001.0,2902.0,21647.0,6992.0,,1251.0,1251.0,8243.0,5149.0,8199.0,56.0,,13404.0,21647.0,818.0,81.0,150.0,231.0,-482.0,-43.0,1257.0,-554.0,178.0,1227.0,-283.0,-6.0,0.0,-1164.0,-1.0,-1165.0,21.0,-1433.0,0.0,0.0,0.0,118.0,118.0,0.0,111.0,229.0,23.0,65.0,0.0,2.6809,,,36.8762,19.2421,19.2421,,22.1072,15.1202,0.2499,13.6056,3.8369,23.4566,6.1027,6.2305,3.7788,6.1027,0.5508,0.0487,0.0375,5410.0,1995.0,1041.0,1122.0,818.0,0.03,24939.0,21647.0,13767.0,,8243.0,13404.0
2007-03-31,AAPL,5264.0,3415.0,1849.0,183.0,680.0,,4278.0,986.0,148.0,1134.0,364.0,770.0,,770.0,,770.0,1055.0,986.0,24164.08,24826.29,0.0318,0.0311,12577.0,928.0,208.0,,1676.0,16029.0,1409.0,,278.0,995.0,2682.0,18711.0,5485.0,,965.0,965.0,6450.0,4848.0,7381.0,32.0,,12261.0,18711.0,770.0,69.0,113.0,182.0,693.0,95.0,-1482.0,476.0,-218.0,734.0,-105.0,-101.0,0.0,-110.0,-660.0,-770.0,-2.0,-978.0,0.0,0.0,0.0,75.0,75.0,0.0,105.0,180.0,-64.0,63.0,0.0,2.9223,,,35.1254,18.731,18.731,,21.5426,14.6277,0.2813,16.4183,5.6724,15.8663,6.2801,6.4258,4.1152,6.2801,0.5064,0.029300000000000003,0.025,5264.0,1849.0,986.0,1055.0,770.0,0.03,24826.0,18711.0,12577.0,,6450.0,12261.0
2006-12-31,AAPL,7115.0,4895.0,2220.0,184.0,714.0,,5793.0,1322.0,126.0,1448.0,444.0,1004.0,,1004.0,,1004.0,1396.0,1322.0,24015.35,24732.32,0.0418,0.0407,11869.0,1621.0,303.0,,2223.0,16664.0,1362.0,,184.0,1251.0,2797.0,19461.0,7337.0,,896.0,896.0,8233.0,4594.0,6611.0,23.0,,11228.0,19461.0,1004.0,74.0,124.0,198.0,-369.0,-33.0,495.0,518.0,611.0,1813.0,-142.0,-115.0,,-1647.0,655.0,-992.0,15.0,-1234.0,,,,101.0,101.0,,87.0,188.0,767.0,46.0,,2.2712,,,31.2017,18.5805,18.5805,,20.3514,14.111,0.3656,16.1551,4.3893,20.5046,8.9419,9.0909,5.159,8.9419,0.4662,0.0733,0.0676,7115.0,2220.0,1322.0,1396.0,1004.0,0.04,24732.0,19461.0,11869.0,,8233.0,11228.0
2006-09-30,AAPL,4837.0,3425.0,1412.0,179.0,625.0,,4229.0,608.0,113.0,721.0,179.0,542.0,,542.0,,542.0,674.0,608.0,23633.62,24570.73,0.0229,0.0218,10110.0,1252.0,270.0,,2270.0,14509.0,1281.0,,177.0,1238.0,2696.0,17205.0,6443.0,,778.0,778.0,7221.0,4355.0,5607.0,22.0,,9984.0,17205.0,542.0,66.0,-94.0,-28.0,-163.0,-57.0,877.0,-116.0,541.0,1055.0,-145.0,-28.0,0.0,-2552.0,-13.0,-2565.0,9.0,-2729.0,0.0,0.0,0.0,386.0,386.0,0.0,-333.0,53.0,-1621.0,40.0,0.0,2.2519,,,29.1917,12.5698,12.5698,,14.9059,11.2053,0.2811,12.6852,3.8634,23.2954,5.4287,5.5267,3.1502,5.4287,0.4169,0.0429,0.037,4837.0,1412.0,608.0,674.0,542.0,0.02,24571.0,17205.0,10110.0,,7221.0,9984.0
2006-06-30,AAPL,4370.0,3045.0,1325.0,175.0,584.0,,3804.0,566.0,95.0,661.0,189.0,472.0,,472.0,,472.0,623.0,566.0,23838.5,24538.3,0.0196,0.0193,9176.0,1089.0,213.0,,1522.0,12491.0,1197.0,,75.0,1351.0,2623.0,15114.0,5023.0,,761.0,761.0,5784.0,4249.0,5065.0,16.0,,9330.0,15114.0,472.0,57.0,153.0,210.0,-228.0,-9.0,405.0,157.0,325.0,1007.0,-237.0,0.0,0.0,718.0,-12.0,706.0,62.0,531.0,0.0,0.0,0.0,73.0,73.0,0.0,56.0,129.0,1667.0,37.0,0.0,2.4868,,,30.3204,12.9519,12.9519,,15.1259,10.8009,0.2891,14.2958,4.0129,22.4279,5.0589,5.0999,3.1229,5.0589,0.3906,0.041100000000000005,0.031400000000000004,4370.0,1325.0,566.0,623.0,472.0,0.02,24538.0,15114.0,9176.0,,5784.0,9330.0
2006-03-31,AAPL,4359.0,3062.0,1297.0,176.0,592.0,,3830.0,529.0,76.0,605.0,195.0,410.0,,410.0,,410.0,579.0,529.0,23545.48,24599.04,0.0175,0.0168,8226.0,861.0,204.0,,1536.0,11286.0,1005.0,,110.0,1510.0,2625.0,13911.0,4456.0,,773.0,773.0,5229.0,4014.0,4673.0,-5.0,,8682.0,13911.0,410.0,50.0,58.0,108.0,470.0,40.0,-788.0,-365.0,-643.0,-125.0,-193.0,0.0,0.0,2680.0,0.0,2680.0,-25.0,2462.0,0.0,0.0,0.0,-275.0,-275.0,0.0,134.0,-141.0,2196.0,42.0,0.0,2.5328,,,29.7545,12.1358,12.1358,,13.8793,9.4058,0.3133,15.0098,5.0627,17.777,4.7224,4.783,2.9473,4.7224,0.3651,-0.005200000000000001,-0.013000000000000001,4359.0,1297.0,529.0,579.0,410.0,0.02,24599.0,13911.0,8226.0,,5229.0,8682.0
2005-12-31,AAPL,5749.0,4185.0,1564.0,182.0,632.0,,4999.0,750.0,81.0,831.0,266.0,565.0,,565.0,,565.0,802.0,750.0,23261.87,24477.79,0.0243,0.0232,8707.0,1331.0,244.0,,1409.0,12162.0,855.0,,93.0,1071.0,2019.0,14181.0,5060.0,,741.0,741.0,5801.0,3815.0,4570.0,-5.0,,8380.0,14181.0,565.0,52.0,114.0,166.0,-436.0,-79.0,1117.0,-1050.0,-448.0,283.0,-82.0,,,211.0,,211.0,-36.0,93.0,,,,134.0,134.0,,149.0,283.0,659.0,44.0,,2.4036,,,27.2047,13.0458,13.0458,,14.4547,9.8278,0.4054,17.1516,4.3193,20.8367,6.7422,6.8179,3.9842,6.7422,0.3539,0.0116,0.0082,5749.0,1564.0,750.0,802.0,565.0,0.02,24478.0,14181.0,8707.0,,5801.0,8380.0
2005-09-30,AAPL,3678.0,2644.0,1034.0,148.0,474.0,,3266.0,412.0,60.0,472.0,48.0,424.0,,424.0,,424.0,463.0,412.0,22636.29,23992.58,0.0186,0.0175,8261.0,895.0,165.0,,648.0,10300.0,817.0,,96.0,303.0,1216.0,11516.0,3487.0,,601.0,601.0,4088.0,3564.0,3925.0,,,7428.0,11516.0,428.0,51.0,214.0,265.0,-68.0,28.0,249.0,-150.0,59.0,752.0,-96.0,0.0,0.0,-927.0,586.0,-341.0,8.0,-429.0,0.0,0.0,0.0,74.0,74.0,0.0,0.0,74.0,397.0,12.0,0.0,2.9538,,,28.1131,11.2017,11.2017,,12.8331,11.528,0.3194,16.0242,4.1095,21.9005,5.7081,5.7829,3.6818,5.7081,0.3177,0.0317,0.027600000000000003,3678.0,1034.0,412.0,463.0,424.0,0.02,23993.0,11516.0,8261.0,,4088.0,7428.0
2005-06-30,AAPL,3520.0,2476.0,1044.0,145.0,473.0,,3094.0,426.0,46.0,472.0,153.0,319.0,,319.0,,319.0,472.0,426.0,22822.58,24102.48,0.0139,0.0132,7526.0,827.0,193.0,,496.0,9376.0,764.0,,109.0,239.0,1112.0,10488.0,3123.0,,544.0,544.0,3667.0,3299.0,3575.0,9.0,,6821.0,10488.0,315.0,46.0,10.0,56.0,61.0,-29.0,-243.0,312.0,101.0,472.0,-63.0,0.0,0.0,378.0,0.0,378.0,-10.0,305.0,0.0,0.0,0.0,63.0,63.0,0.0,0.0,63.0,840.0,17.0,0.0,3.0022,,,29.6591,12.1023,12.1023,,13.4091,9.0625,0.3356,12.829,4.2563,21.1449,4.6767,4.7527,3.0416,4.6767,0.2942,0.0194,0.016800000000000002,3520.0,1044.0,426.0,472.0,319.0,0.01,24102.0,10488.0,7526.0,,3667.0,6821.0
2005-03-31,AAPL,3243.0,2275.0,968.0,119.0,447.0,,2841.0,402.0,33.0,435.0,145.0,290.0,,290.0,,290.0,443.0,402.0,22628.82,23996.31,0.0129,0.0121,7057.0,888.0,164.0,,601.0,9007.0,742.0,,113.0,249.0,1104.0,10111.0,3352.0,,373.0,373.0,3725.0,3195.0,3255.0,6.0,,6386.0,10111.0,585.0,82.0,312.0,394.0,-114.0,-63.0,322.0,187.0,332.0,1311.0,-101.0,0.0,0.0,-2312.0,0.0,-2312.0,-19.0,-2432.0,0.0,0.0,0.0,406.0,406.0,0.0,0.0,406.0,-715.0,20.0,0.0,2.6871,,,29.8489,12.3959,12.3959,,13.4135,8.9423,0.3207,13.872,3.652,24.6439,4.5412,4.623,2.8682,4.5412,0.2771,0.0546,0.0504,3243.0,968.0,402.0,443.0,290.0,0.01,23996.0,10111.0,7057.0,,3725.0,6386.0
2021-09-30,MSFT,45317.0,13646.0,31671.0,5599.0,5834.0,,25079.0,20238.0,286.0,20524.0,19.0,20505.0,,20505.0,,20505.0,23450.0,20238.0,7513.0,7567.0,2.73,2.71,130615.0,27349.0,3411.0,,12951.0,174326.0,63772.0,6393.0,58249.0,21103.0,161092.0,335418.0,80528.0,50039.0,40061.0,102912.0,183440.0,83751.0,66944.0,1283.0,,151978.0,335418.0,20505.0,3212.0,-7517.0,-4305.0,10486.0,-777.0,-471.0,-3551.0,8340.0,24540.0,-5810.0,,-1206.0,,4183.0,4183.0,-417.0,-3250.0,-4826.0,,-4826.0,-7072.0,-7072.0,-4206.0,-172.0,-16276.0,4941.0,1702.0,-4206.0,2.1648,0.2477,0.3506,69.8877,44.6587,44.6587,,45.2899,45.2479,0.1351,4.0006,1.657,54.3154,13.4921,21.8769,6.1133,10.1501,20.2368,3.243,2.4752,45317.0,31671.0,20238.0,23450.0,20505.0,2.71,7567.0,335418.0,130615.0,50039.0,183440.0,151978.0
2021-06-30,MSFT,46152.0,13991.0,32161.0,5687.0,7379.0,,27057.0,19095.0,310.0,19405.0,2947.0,16458.0,,16458.0,,16458.0,22439.0,19095.0,7547.0,7608.0,2.18,2.17,130334.0,38043.0,2636.0,,13393.0,184406.0,59715.0,5984.0,57511.0,15075.0,149373.0,333779.0,88657.0,50074.0,40617.0,103134.0,191791.0,83111.0,57055.0,1822.0,,141988.0,333779.0,16458.0,3344.0,12518.0,15862.0,-11606.0,-388.0,1617.0,799.0,-9610.0,22710.0,-6452.0,0.0,-501.0,0.0,-4334.0,-4334.0,434.0,-10853.0,0.0,0.0,0.0,-6727.0,-6727.0,-4214.0,-430.0,-11371.0,522.0,1571.0,-4214.0,2.08,0.2607,0.4095,69.685,41.3742,41.3742,,42.0459,35.6604,0.1383,5.3077,1.2132,74.1868,11.5911,19.4822,4.9308,8.5691,18.8839,2.9748,2.1294,46152.0,32161.0,19095.0,22439.0,16458.0,2.17,7608.0,333779.0,130334.0,50074.0,191791.0,141988.0
2021-03-31,MSFT,41706.0,13045.0,28661.0,5204.0,6409.0,,24658.0,17048.0,188.0,17236.0,1779.0,15457.0,,15457.0,,15457.0,19984.0,17048.0,7539.0,7597.0,2.05,2.03,125407.0,26322.0,2245.0,,11640.0,165614.0,54945.0,5395.0,57825.0,14427.0,143265.0,308879.0,72193.0,50007.0,40098.0,102181.0,174374.0,82308.0,50735.0,1462.0,,134505.0,308879.0,15457.0,2936.0,613.0,3549.0,290.0,-329.0,833.0,1305.0,3173.0,22179.0,-5089.0,0.0,-7512.0,0.0,2517.0,2517.0,400.0,-9684.0,-500.0,0.0,-500.0,-6534.0,-6534.0,-4221.0,-1937.0,-13192.0,-730.0,1525.0,-4221.0,2.294,0.271,0.4316,68.7215,40.8766,40.8766,,41.3274,37.0618,0.135,5.8107,1.5845,56.8019,11.4918,20.1578,5.0042,8.3772,17.8531,2.9299,2.257,41706.0,28661.0,17048.0,19984.0,15457.0,2.03,7597.0,308879.0,125407.0,50007.0,174374.0,134505.0
2020-12-31,MSFT,43076.0,14194.0,28882.0,4899.0,6086.0,,25179.0,17897.0,440.0,18337.0,2874.0,15463.0,,15463.0,,15463.0,20658.0,17897.0,7555.0,7616.0,2.05,2.03,131968.0,27312.0,1924.0,,12769.0,173973.0,51737.0,3794.0,50774.0,13561.0,130164.0,304137.0,67486.0,55136.0,39245.0,106415.0,173901.0,81896.0,44973.0,3367.0,,130236.0,304137.0,15463.0,2761.0,-2032.0,729.0,-4008.0,788.0,33.0,1879.0,-3676.0,12516.0,-4174.0,0.0,-415.0,0.0,2593.0,2593.0,327.0,-1669.0,-3250.0,0.0,-3250.0,-6233.0,-6233.0,-4230.0,79.0,-13634.0,-2773.0,1566.0,-4230.0,2.5779,0.2974,0.4647,67.0489,41.5475,41.5475,,42.569,35.897,0.1416,7.3773,1.5772,57.0638,11.8731,19.4596,5.0842,8.3416,17.259,1.6503,1.1006,43076.0,28882.0,17897.0,20658.0,15463.0,2.03,7616.0,304137.0,131968.0,55136.0,173901.0,130236.0
2020-09-30,MSFT,37154.0,11002.0,26152.0,4926.0,5350.0,,21278.0,15876.0,248.0,16124.0,2231.0,13893.0,,13893.0,,13893.0,18521.0,15876.0,7566.0,7637.0,1.84,1.82,137977.0,22851.0,2705.0,,13544.0,177077.0,47927.0,3103.0,50813.0,13034.0,123924.0,301001.0,70056.0,57055.0,39729.0,107553.0,177609.0,81089.0,39193.0,3110.0,,123392.0,301001.0,13893.0,2645.0,-1747.0,898.0,8843.0,-808.0,315.0,-2823.0,4544.0,19335.0,-4907.0,,-481.0,,2100.0,2100.0,-2083.0,-5371.0,,,,-6198.0,-6198.0,-3856.0,-235.0,-10289.0,3629.0,1456.0,-3856.0,2.5276,0.3162,0.515,70.3881,42.7303,42.7303,,43.3978,37.393,0.1234,4.0673,1.6259,55.3531,11.2592,19.1419,4.6156,7.6992,16.3131,2.5318,1.8892,37154.0,26152.0,15876.0,18521.0,13893.0,1.82,7637.0,301001.0,137977.0,57055.0,177609.0,123392.0
2020-06-30,MSFT,38033.0,12339.0,25694.0,5214.0,7073.0,,24626.0,13407.0,15.0,13422.0,2220.0,11202.0,,11202.0,,11202.0,16911.0,13407.0,7610.0,7683.0,1.48,1.47,136527.0,32011.0,1895.0,,11482.0,181915.0,44151.0,2965.0,50389.0,13138.0,119396.0,301311.0,72310.0,59578.0,40064.0,110697.0,183007.0,80552.0,34566.0,3186.0,,118304.0,301311.0,11202.0,3504.0,10493.0,13997.0,-9355.0,-251.0,3026.0,643.0,-6526.0,18673.0,-4744.0,0.0,-1650.0,0.0,3173.0,3173.0,-1241.0,-4462.0,0.0,0.0,0.0,-5451.0,-5451.0,-3865.0,-2946.0,-12262.0,1866.0,1349.0,-3865.0,2.5158,0.3349,0.5353,67.5571,35.251,35.251,,35.2904,29.4534,0.1262,6.5113,1.1881,75.7497,9.4688,16.4942,3.7178,6.2974,15.6259,2.4247,1.8087,38033.0,25694.0,13407.0,16911.0,11202.0,1.47,7683.0,301311.0,136527.0,59578.0,183007.0,118304.0
2020-03-31,MSFT,35021.0,10975.0,24046.0,4887.0,6184.0,,22046.0,12975.0,-132.0,12843.0,2091.0,10752.0,,10752.0,,10752.0,16093.0,12975.0,7602.0,7675.0,1.41,1.4,137626.0,22699.0,1644.0,,8536.0,170505.0,41221.0,2660.0,48919.0,13696.0,114944.0,285449.0,58707.0,62862.0,38561.0,112241.0,170948.0,79813.0,32012.0,2676.0,,114501.0,285449.0,10752.0,3118.0,448.0,3566.0,891.0,181.0,546.0,803.0,3186.0,17504.0,-3767.0,0.0,-329.0,0.0,4147.0,4147.0,0.0,51.0,-3000.0,0.0,-3000.0,-6717.0,-6717.0,-3876.0,-1052.0,-14645.0,2846.0,1338.0,-3876.0,2.9043,0.3544,0.5817,68.6617,37.0492,37.0492,,36.6723,30.7016,0.1227,6.6758,1.5428,58.3339,9.3903,16.3947,3.7667,6.0621,15.0858,2.2873,1.7946,35021.0,24046.0,12975.0,16093.0,10752.0,1.4,7675.0,285449.0,137626.0,62862.0,170948.0,114501.0
2019-12-31,MSFT,36906.0,12358.0,24548.0,4603.0,6054.0,,23015.0,13891.0,194.0,14085.0,2436.0,11649.0,,11649.0,,11649.0,17094.0,13891.0,7621.0,7691.0,1.53,1.51,134253.0,23525.0,1823.0,,7473.0,167074.0,40522.0,2755.0,49374.0,14630.0,115720.0,282794.0,59640.0,63361.0,38412.0,113045.0,172685.0,79625.0,30739.0,-255.0,,110109.0,282794.0,11649.0,3203.0,-1852.0,1351.0,-4203.0,799.0,-7.0,1562.0,-2320.0,10680.0,-3545.0,0.0,-80.0,0.0,-2411.0,-2411.0,0.0,-6036.0,-18.0,0.0,-18.0,-4972.0,-4972.0,-3886.0,-39.0,-8915.0,-4253.0,1340.0,-3886.0,2.8014,0.3653,0.6322,66.5149,37.6389,37.6389,,38.1645,31.564,0.1305,6.7789,1.5688,57.3687,10.5795,19.18,4.1193,6.7153,14.4671,1.3931,0.931,36906.0,24548.0,13891.0,17094.0,11649.0,1.51,7691.0,282794.0,134253.0,63361.0,172685.0,110109.0
2019-09-30,MSFT,33055.0,10406.0,22649.0,4565.0,5398.0,,20369.0,12686.0,,12686.0,2008.0,10678.0,,10678.0,,10678.0,15657.0,12686.0,7634.0,7710.0,1.4,1.38,136636.0,19087.0,2622.0,,7551.0,165896.0,38409.0,2684.0,49621.0,14455.0,113059.0,278955.0,58118.0,66478.0,37283.0,114776.0,172894.0,78882.0,27240.0,-61.0,,106061.0,278955.0,10678.0,2971.0,-1796.0,1175.0,10090.0,-561.0,-547.0,-3681.0,1965.0,13818.0,-3385.0,,-462.0,,2071.0,2071.0,,-1776.0,-2500.0,,-2500.0,-4485.0,-4485.0,-3510.0,286.0,-10209.0,1761.0,1262.0,-3510.0,2.8545,0.3853,0.6552,68.5191,38.3785,38.3785,,38.3785,32.3037,0.1185,3.9687,1.7318,51.9688,10.0678,18.9192,3.8279,6.1887,13.8932,1.7922,1.3532,33055.0,22649.0,12686.0,15657.0,10678.0,1.38,7710.0,278955.0,136636.0,66478.0,172894.0,106061.0
2019-06-30,MSFT,33717.0,10412.0,23305.0,4513.0,6387.0,,21312.0,12405.0,191.0,12596.0,-591.0,13187.0,,13187.0,,13187.0,15329.0,12405.0,7673.0,7753.0,1.72,1.7,133819.0,29524.0,2063.0,,10146.0,175552.0,36477.0,2649.0,49776.0,14723.0,111004.0,286556.0,69420.0,66662.0,37193.0,114806.0,184226.0,78520.0,24150.0,-340.0,,102330.0,286556.0,13187.0,2924.0,4150.0,7074.0,-10070.0,-113.0,1264.0,958.0,-4153.0,16108.0,-4051.0,0.0,-281.0,0.0,-2925.0,-2925.0,0.0,-7257.0,-1000.0,0.0,-1000.0,-4325.0,-4325.0,-3521.0,160.0,-8686.0,144.0,1190.0,-3521.0,2.5288,0.3945,0.7053,69.1194,36.7915,36.7915,,37.358,39.1108,0.1177,5.047,1.142,78.8077,12.8867,25.0923,4.6019,7.8033,13.3887,2.0722,1.5512000000000001,33717.0,23305.0,12405.0,15329.0,13187.0,1.7,7753.0,286556.0,133819.0,66662.0,184226.0,102330.0
2019-03-31,MSFT,30571.0,10170.0,20401.0,4316.0,5744.0,,20230.0,10341.0,145.0,10486.0,1677.0,8809.0,,8809.0,,8809.0,13267.0,10341.0,7672.0,7744.0,1.15,1.14,131618.0,19269.0,1951.0,,7049.0,159887.0,33648.0,2403.0,49964.0,10258.0,103394.0,263281.0,53861.0,66585.0,36277.0,114556.0,168417.0,77791.0,18338.0,-1265.0,,94864.0,263281.0,8809.0,2926.0,777.0,3703.0,460.0,12.0,-197.0,457.0,1008.0,13520.0,-2565.0,0.0,-269.0,0.0,1471.0,1471.0,0.0,-1363.0,0.0,0.0,0.0,-4479.0,-4479.0,-3526.0,404.0,-7601.0,4574.0,1172.0,-3526.0,2.9685,0.4124,0.7706,66.7332,33.8262,33.8262,,34.3005,28.8149,0.1161,5.2127,1.5865,56.7273,9.2859,19.6192,3.3459,5.4562,12.3746,1.7549000000000001,1.4208,30571.0,20401.0,10341.0,13267.0,8809.0,1.14,7744.0,263281.0,131618.0,66585.0,168417.0,94864.0
2018-12-31,MSFT,32471.0,12423.0,20048.0,4070.0,5720.0,,22213.0,10258.0,127.0,10385.0,1965.0,8420.0,,8420.0,,8420.0,13253.0,10258.0,7692.0,7768.0,1.09,1.08,127662.0,19680.0,1961.0,,7571.0,156874.0,32717.0,2274.0,50059.0,10129.0,101985.0,258859.0,50318.0,69653.0,35216.0,116413.0,166731.0,77556.0,16585.0,-2013.0,,92128.0,258859.0,8420.0,2995.0,-1247.0,1748.0,-2396.0,1654.0,-440.0,-22.0,-1268.0,8900.0,-3707.0,0.0,-1593.0,0.0,1100.0,1100.0,0.0,-4200.0,-3000.0,0.0,-3000.0,-6213.0,-6213.0,-3544.0,-459.0,-13216.0,-8499.0,1183.0,-3544.0,3.1177,0.4305,0.7942,61.7413,31.5913,31.5913,,31.9824,25.9308,0.1254,6.335,1.6499,54.5471,9.1395,20.0147,3.2527,5.2046,11.9912,1.1452,0.6682,32471.0,20048.0,10258.0,13253.0,8420.0,1.08,7768.0,258859.0,127662.0,69653.0,166731.0,92128.0
2018-09-30,MSFT,29084.0,9905.0,19179.0,3977.0,5247.0,,19129.0,9955.0,266.0,10221.0,1397.0,8824.0,,8824.0,,8824.0,12792.0,9955.0,7673.0,7766.0,1.15,1.14,135880.0,17390.0,3614.0,,7311.0,164195.0,31430.0,2034.0,43434.0,9792.0,93424.0,257619.0,56277.0,69733.0,34475.0,115375.0,171652.0,71303.0,17279.0,-2615.0,,85967.0,257619.0,8824.0,2837.0,-1821.0,1016.0,9194.0,-956.0,-395.0,-2935.0,3817.0,13657.0,-3602.0,,-245.0,,894.0,894.0,,-2953.0,,,,-3384.0,-3384.0,-3220.0,-780.0,-7384.0,3191.0,1107.0,-3220.0,2.9176,0.4479,0.8867,65.9435,34.2284,34.2284,,35.143,30.3397,0.1129,2.7407,1.6725,53.8131,10.2644,20.7462,3.4252,5.6673,11.1936,1.7586,1.2947,29084.0,19179.0,9955.0,12792.0,8824.0,1.14,7766.0,257619.0,135880.0,69733.0,171652.0,85967.0
2018-06-30,MSFT,30085.0,9742.0,20343.0,3933.0,6031.0,,19706.0,10379.0,301.0,10680.0,1807.0,8873.0,,8873.0,,8873.0,12895.0,10379.0,7700.0,7794.0,1.16,1.16,133768.0,26481.0,2662.0,,6751.0,169662.0,29460.0,1862.0,43736.0,7442.0,89186.0,258848.0,58488.0,72242.0,35476.0,117642.0,176130.0,71223.0,13682.0,-2187.0,,82718.0,258848.0,8873.0,2516.0,6758.0,9274.0,-9188.0,-572.0,1010.0,1118.0,-6729.0,11418.0,-3980.0,0.0,-434.0,0.0,1752.0,1752.0,-8.0,-2670.0,-681.0,0.0,-681.0,-2107.0,-2107.0,-3226.0,-25.0,-6039.0,2725.0,1012.0,-3226.0,2.9008,0.4662,0.9217,67.6184,34.4989,34.4989,,35.4994,29.4931,0.1162,3.6597,1.1361,79.2186,10.7268,22.7618,3.4279,5.726,10.7748,1.465,0.9544,30085.0,20343.0,10379.0,12895.0,8873.0,1.16,7794.0,258848.0,133768.0,72242.0,176130.0,82718.0
2018-03-31,MSFT,26819.0,9269.0,17550.0,3715.0,5543.0,,18527.0,8292.0,349.0,8641.0,1217.0,7424.0,,7424.0,,7424.0,11002.0,8292.0,7698.0,7794.0,0.96,0.95,132270.0,17208.0,2084.0,,5097.0,156659.0,27929.0,2818.0,44126.0,7106.0,88838.0,245497.0,46133.0,73480.0,35892.0,120125.0,166258.0,70418.0,9974.0,-1153.0,,79239.0,245497.0,7424.0,2710.0,226.0,2936.0,1285.0,-75.0,-393.0,329.0,1791.0,12151.0,-2934.0,0.0,-248.0,0.0,7045.0,7045.0,-19.0,3844.0,-4883.0,-7373.0,-12256.0,-3530.0,-3530.0,-3232.0,-640.0,-19658.0,-3638.0,969.0,-3232.0,3.3958,0.4811,0.9737,65.4387,30.9184,30.9184,,32.2197,27.6819,0.1092,4.4477,1.5585,57.7471,9.3691,21.1432,3.0241,4.8612,10.3042,1.5306000000000002,1.1607,26819.0,17550.0,8292.0,11002.0,7424.0,0.95,7794.0,245497.0,132270.0,73480.0,166258.0,79239.0
2017-12-31,MSFT,28918.0,11064.0,17854.0,3504.0,5671.0,,20239.0,8679.0,490.0,9169.0,15471.0,-6302.0,,-6302.0,,-6302.0,11215.0,8679.0,7710.0,7710.0,-0.82,-0.82,142780.0,18428.0,2003.0,,4422.0,167633.0,26304.0,3961.0,44389.0,6967.0,88370.0,256003.0,58099.0,73348.0,34870.0,119544.0,177643.0,70192.0,8567.0,-399.0,,78360.0,256003.0,-6302.0,2536.0,-3068.0,-532.0,-3908.0,1205.0,938.0,500.0,14709.0,7875.0,-2586.0,0.0,-27.0,0.0,2459.0,2459.0,-177.0,-331.0,-98.0,3759.0,3661.0,-1819.0,-1819.0,-3238.0,-156.0,-1552.0,5975.0,986.0,-3238.0,2.8853,0.4835,1.1391,61.7401,30.0125,30.0125,,31.7069,-21.7927,0.113,5.5237,1.5692,57.3525,-8.0424,-18.5511,-2.4617,-4.154,10.17,1.0398,0.7013,28918.0,17854.0,8679.0,11215.0,-6302.0,-0.82,7710.0,256003.0,142780.0,73348.0,177643.0,78360.0
2017-09-30,MSFT,24538.0,8278.0,16260.0,3574.0,4978.0,,16830.0,7708.0,276.0,7984.0,1408.0,6576.0,,6576.0,,6576.0,10207.0,7708.0,7708.0,7799.0,0.85,0.84,138471.0,14561.0,3211.0,,4788.0,161031.0,24809.0,5343.0,44987.0,6083.0,88066.0,249097.0,51615.0,76255.0,18173.0,107835.0,159450.0,69419.0,19702.0,526.0,,89647.0,249097.0,6576.0,2499.0,-1409.0,1090.0,7949.0,-1023.0,-407.0,-2406.0,4774.0,12440.0,-2132.0,,-179.0,,-4699.0,-4699.0,106.0,-6904.0,2785.0,-3710.0,-925.0,-2263.0,-2263.0,-3003.0,-150.0,-6341.0,-779.0,973.0,-3003.0,3.1198,0.4596,0.9535,66.2646,31.4125,31.4125,,32.5373,26.7993,0.0985,2.578,1.6852,53.4066,7.3354,14.7246,2.6399,3.9638,11.6123,1.5951,1.3217,24538.0,16260.0,7708.0,10207.0,6576.0,0.84,7799.0,249097.0,138471.0,76255.0,159450.0,89647.0
2017-06-30,MSFT,25605.0,8456.0,17149.0,3514.0,5647.0,,17923.0,7682.0,276.0,7958.0,-111.0,8069.0,,8069.0,,8069.0,10025.0,7682.0,7746.0,7832.0,1.04,1.03,132981.0,22431.0,2181.0,,5103.0,162696.0,23734.0,6023.0,45228.0,6076.0,87616.0,250312.0,55745.0,76073.0,17034.0,106856.0,162601.0,69315.0,17769.0,627.0,,87711.0,250312.0,8069.0,2343.0,6052.0,8395.0,-7029.0,-199.0,850.0,1781.0,-5459.0,11005.0,-2283.0,0.0,-358.0,0.0,-4625.0,-4625.0,-103.0,-7369.0,-1617.0,3484.0,1867.0,-1544.0,-1544.0,-3009.0,-15.0,-2701.0,950.0,913.0,-3009.0,2.9186,0.4645,0.9827,66.9752,30.002,30.002,,31.0799,31.5134,0.1023,3.8771,1.1415,78.8436,9.1995,18.9935,3.2236,4.9266,11.3792,1.3963,1.1066,25605.0,17149.0,7682.0,10025.0,8069.0,1.03,7832.0,250312.0,132981.0,76073.0,162601.0,87711.0
2017-03-31,MSFT,23212.0,8060.0,15152.0,3355.0,5074.0,,16489.0,6723.0,371.0,7094.0,1608.0,5486.0,,5486.0,,5486.0,9176.0,6723.0,7725.0,7813.0,0.71,0.7,126018.0,12882.0,1979.0,,5434.0,146313.0,21962.0,7381.0,45215.0,4146.0,78704.0,225017.0,52005.0,76222.0,17381.0,103283.0,155288.0,68554.0,531.0,644.0,,69729.0,225017.0,5486.0,2453.0,-36.0,2417.0,1415.0,-16.0,-425.0,536.0,2757.0,10660.0,-1695.0,0.0,-802.0,0.0,-2614.0,-2614.0,-1080.0,-6191.0,336.0,-1302.0,-966.0,-1883.0,-1883.0,-3012.0,-375.0,-6236.0,-1755.0,883.0,-3012.0,2.8134,0.5222,1.2048,65.2766,28.9635,28.9635,,30.5618,23.6343,0.1032,4.0728,1.8019,49.9474,7.8676,22.3791,2.438,3.7588,9.0287,1.3693,1.1513,23212.0,15152.0,6723.0,9176.0,5486.0,0.7,7813.0,225017.0,126018.0,76222.0,155288.0,69729.0
2016-12-31,MSFT,25826.0,9901.0,15925.0,3062.0,4958.0,,17921.0,7905.0,117.0,8022.0,1755.0,6267.0,,6267.0,,6267.0,10071.0,7905.0,7755.0,7830.0,0.81,0.8,122781.0,14343.0,1961.0,,5864.0,144949.0,21379.0,8912.0,45525.0,3845.0,79661.0,224610.0,70787.0,59306.0,15980.0,85014.0,155801.0,68177.0,120.0,512.0,,68809.0,224610.0,6267.0,2166.0,-957.0,1209.0,-2789.0,1132.0,99.0,-1032.0,-1183.0,6293.0,-1988.0,0.0,-24760.0,0.0,10927.0,10927.0,1070.0,-14751.0,12951.0,-3755.0,9196.0,-3468.0,-3468.0,-3024.0,312.0,3016.0,-5460.0,767.0,-3024.0,2.0477,0.4629,1.2349,61.6627,30.6087,30.6087,,31.0617,24.2662,0.115,5.049,1.8006,49.9834,9.1078,26.9155,2.7902,4.8917,8.9016,0.8123,0.5568000000000001,25826.0,15925.0,7905.0,10071.0,6267.0,0.8,7830.0,224610.0,122781.0,59306.0,155801.0,68809.0
2016-09-30,MSFT,21928.0,7844.0,14084.0,3106.0,4263.0,,15213.0,6715.0,112.0,6827.0,1160.0,5667.0,,5667.0,,5667.0,8531.0,6715.0,7789.0,7876.0,0.73,0.72,136932.0,11129.0,3122.0,,6726.0,157909.0,19224.0,10486.0,21429.0,3476.0,54615.0,212524.0,58810.0,60154.0,14340.0,83342.0,142152.0,67747.0,944.0,1681.0,,70372.0,212524.0,5667.0,1816.0,-875.0,941.0,7187.0,-867.0,-443.0,-936.0,4941.0,11549.0,-2163.0,,-24.0,,-16199.0,-16199.0,-84.0,-18470.0,24752.0,-3390.0,21362.0,-4121.0,-4121.0,-2800.0,-112.0,14329.0,7418.0,703.0,-2800.0,2.6851,0.4609,1.0614,64.2284,30.623,30.623,,31.1337,25.8437,0.1032,2.5125,1.9703,45.6772,8.0529,11.5788,2.6665,4.3417,9.0406,1.4664,1.1917,21928.0,14084.0,6715.0,8531.0,5667.0,0.72,7876.0,212524.0,136932.0,60154.0,142152.0,70372.0
2016-06-30,MSFT,26448.0,7979.0,18469.0,3146.0,5237.0,,17472.0,8976.0,259.0,9235.0,2372.0,6863.0,,6863.0,,6863.0,11516.0,8976.0,7925.0,8013.0,0.87,0.86,113240.0,18277.0,2251.0,,5892.0,139660.0,18356.0,10431.0,21605.0,3416.0,53808.0,193468.0,59357.0,40557.0,13640.0,62114.0,121471.0,68178.0,2282.0,1537.0,,71997.0,193468.0,6863.0,2540.0,4520.0,7060.0,-4984.0,192.0,-17.0,-352.0,-5459.0,8464.0,-2655.0,0.0,-63.0,0.0,-7277.0,-7277.0,-78.0,-10073.0,585.0,6714.0,7299.0,-3504.0,-3504.0,-2821.0,-3.0,971.0,-660.0,664.0,-2821.0,2.3529,0.3603,0.7425,69.8314,33.9383,33.9383,,34.9176,25.949,0.1367,3.5446,1.4471,62.1949,9.5323,13.6192,3.5474,6.0975,9.2209,1.0454,0.7166,26448.0,18469.0,8976.0,11516.0,6863.0,0.86,8013.0,193468.0,113240.0,40557.0,121471.0,71997.0
2016-03-31,MSFT,20531.0,7722.0,12809.0,2980.0,4546.0,,15248.0,5283.0,-247.0,5036.0,1280.0,3756.0,,3756.0,,3756.0,6990.0,5283.0,7895.0,7985.0,0.48,0.47,105552.0,12247.0,2450.0,,6598.0,128421.0,16831.0,11315.0,22407.0,2895.0,53448.0,181869.0,44354.0,40896.0,14122.0,62709.0,107063.0,68012.0,4954.0,1840.0,,74806.0,181869.0,3756.0,1707.0,1951.0,3658.0,2288.0,241.0,-129.0,553.0,2953.0,10367.0,-2308.0,0.0,-559.0,0.0,-2550.0,-2550.0,-66.0,-5483.0,-875.0,2622.0,1747.0,-3698.0,-3698.0,-2842.0,-123.0,-4916.0,-15.0,672.0,-2842.0,2.8954,0.3535,0.6202,62.3886,25.7318,25.7318,,24.5288,18.2943,0.1129,3.1518,1.6764,53.6861,5.021,7.1681,2.0652,3.2463,9.5052,1.3132000000000001,1.0206,20531.0,12809.0,5283.0,6990.0,3756.0,0.47,7985.0,181869.0,105552.0,40896.0,107063.0,74806.0
2015-12-31,MSFT,23796.0,9872.0,13924.0,2900.0,4998.0,,17770.0,6026.0,-171.0,5855.0,837.0,5018.0,,5018.0,,5018.0,7570.0,6026.0,7964.0,8051.0,0.63,0.62,102640.0,14507.0,2702.0,,6345.0,127812.0,15789.0,11514.0,22055.0,2928.0,52286.0,180098.0,42643.0,40679.0,13700.0,60675.0,103318.0,68279.0,6728.0,1773.0,,76780.0,180098.0,5018.0,1544.0,1102.0,2646.0,-3118.0,1104.0,369.0,-401.0,-2046.0,5618.0,-2024.0,0.0,-381.0,0.0,-1208.0,-1208.0,285.0,-3328.0,13007.0,-7031.0,5976.0,-3561.0,-3561.0,-2868.0,-65.0,-518.0,1754.0,658.0,-2868.0,2.9973,0.3463,0.5787,58.514,25.3236,25.3236,,24.605,21.0876,0.1321,3.6536,1.6403,54.8676,6.5356,9.1695,2.7863,4.2721,9.6883,0.7023,0.45030000000000003,23796.0,13924.0,6026.0,7570.0,5018.0,0.62,8051.0,180098.0,102640.0,40679.0,103318.0,76780.0
2015-09-30,MSFT,20379.0,7207.0,13172.0,2962.0,4417.0,,14586.0,5793.0,-280.0,5513.0,611.0,4902.0,,4902.0,,4902.0,7254.0,5793.0,7996.0,8084.0,0.61,0.61,99355.0,11444.0,3816.0,,5594.0,121656.0,15046.0,11438.0,21887.0,2869.0,51240.0,172896.0,49399.0,27819.0,13280.0,46052.0,95451.0,68093.0,7614.0,1738.0,,77445.0,172896.0,4902.0,1461.0,-84.0,1377.0,6376.0,-937.0,-135.0,-2707.0,2597.0,8876.0,-1356.0,,-390.0,,-3382.0,-3382.0,62.0,-5066.0,-1629.0,4890.0,3261.0,-4538.0,-4538.0,-2475.0,-178.0,-3930.0,-164.0,674.0,-2475.0,2.4627,0.2643,0.498,64.6352,28.4263,28.4263,,27.0524,24.0542,0.1179,1.8886,1.7808,50.5403,6.3297,8.8232,2.8352,4.6569,9.6976,1.098,0.9302,20379.0,13172.0,5793.0,7254.0,4902.0,0.61,8084.0,172896.0,99355.0,27819.0,95451.0,77445.0
2015-06-30,MSFT,22180.0,7468.0,14712.0,3094.0,5233.0,,24233.0,-2053.0,297.0,-1756.0,1439.0,-3195.0,,-3195.0,,-3195.0,6938.0,-2053.0,8177.0,8254.0,-0.38,-0.38,96526.0,17908.0,2902.0,,5461.0,122797.0,14731.0,12053.0,21774.0,3117.0,51675.0,174472.0,49647.0,27808.0,13544.0,44742.0,94389.0,68465.0,9096.0,2522.0,,80083.0,174472.0,-3195.0,8991.0,4860.0,13851.0,-5448.0,-429.0,-142.0,2212.0,-3807.0,6849.0,-1781.0,0.0,-626.0,0.0,-2657.0,-2657.0,-3.0,-5067.0,0.0,3259.0,3259.0,-4128.0,-4128.0,-2496.0,-239.0,-3604.0,-1819.0,654.0,-2496.0,2.4734,0.2577,0.4407,66.33,-9.2561,-9.2561,,-7.917,-14.4049,0.1271,2.5734,1.2386,72.6655,-3.9896,-5.4794,-1.8312,-2.9613,9.9767,0.8241,0.6093000000000001,22180.0,14712.0,-2053.0,6938.0,-3195.0,-0.38,8254.0,174472.0,96526.0,27808.0,94389.0,80083.0
2015-03-31,MSFT,21729.0,7161.0,14568.0,2984.0,4800.0,,15135.0,6594.0,-77.0,6517.0,1532.0,4985.0,,4985.0,,4985.0,8109.0,6594.0,8167.0,8237.0,0.61,0.61,95438.0,12427.0,2469.0,,6376.0,118398.0,14375.0,12019.0,28691.0,3200.0,58285.0,176683.0,40748.0,27644.0,13274.0,45803.0,86551.0,68475.0,18186.0,3471.0,,90132.0,176683.0,4985.0,1515.0,317.0,1832.0,3655.0,-430.0,-390.0,473.0,3308.0,10125.0,-1391.0,0.0,-162.0,0.0,-3594.0,-3594.0,-334.0,-5481.0,10680.0,-6575.0,4105.0,-4985.0,-4985.0,-2532.0,-208.0,-3620.0,988.0,641.0,-2532.0,2.9056,0.2347,0.3536,67.044,30.3465,30.3465,,29.9922,22.9417,0.123,2.9004,1.7485,51.4718,5.5308,8.1135,2.8214,4.2326,11.1096,1.2403,1.069,21729.0,14568.0,6594.0,8109.0,4985.0,0.61,8237.0,176683.0,95438.0,27644.0,86551.0,90132.0
2014-12-31,MSFT,26470.0,10136.0,16334.0,2903.0,5412.0,,18694.0,7776.0,74.0,7850.0,1987.0,5863.0,,5863.0,,5863.0,9297.0,7776.0,8228.0,8297.0,0.71,0.71,90249.0,16186.0,2053.0,,6173.0,116362.0,13607.0,12665.0,29154.0,3060.0,58486.0,174848.0,47415.0,18260.0,12423.0,35554.0,82969.0,68765.0,19731.0,3383.0,,91879.0,174848.0,5863.0,1521.0,-549.0,972.0,-3378.0,1070.0,137.0,-324.0,-2495.0,4340.0,-1490.0,0.0,-2794.0,0.0,-670.0,-670.0,238.0,-4716.0,0.0,4798.0,4798.0,-2024.0,-2024.0,-2547.0,307.0,534.0,124.0,633.0,-2547.0,2.4541,0.1658,0.3081,61.7076,29.3767,29.3767,,29.6562,22.1496,0.1514,4.9372,1.6354,55.0336,6.3812,9.3472,3.3532,5.3233,11.1802,0.5296000000000001,0.3491,26470.0,16334.0,7776.0,9297.0,5863.0,0.71,8297.0,174848.0,90249.0,18260.0,82969.0,91879.0
2014-09-30,MSFT,23201.0,8273.0,14928.0,3065.0,4879.0,,17357.0,5844.0,52.0,5896.0,1356.0,4540.0,,4540.0,,4540.0,7272.0,5844.0,8249.0,8351.0,0.55,0.54,89193.0,12887.0,3141.0,,5434.0,112439.0,13229.0,13943.0,26774.0,3271.0,57217.0,169656.0,44694.0,18472.0,11781.0,34792.0,79486.0,68362.0,18051.0,3757.0,,90170.0,169656.0,4540.0,1428.0,-2121.0,-693.0,6627.0,-483.0,-659.0,-978.0,4507.0,8354.0,-1282.0,,-141.0,,-5947.0,-5947.0,-367.0,-7737.0,-1500.0,2999.0,1499.0,-2672.0,-2672.0,-2307.0,502.0,-2978.0,-2367.0,646.0,-2307.0,2.5158,0.17,0.2631,64.3421,25.1886,25.1886,,25.4127,19.5681,0.1368,2.6339,1.8003,49.9905,5.0349,7.1613,2.676,4.1789,10.9231,1.0004,0.8468,23201.0,14928.0,5844.0,7272.0,4540.0,0.54,8351.0,169656.0,89193.0,18472.0,79486.0,90170.0
2014-06-30,MSFT,23382.0,7633.0,15749.0,3123.0,6017.0,,16900.0,6482.0,95.0,6577.0,1965.0,4612.0,,4612.0,,4612.0,8224.0,6482.0,8299.0,8399.0,0.56,0.55,85709.0,19544.0,2660.0,,4392.0,114246.0,13011.0,14597.0,27108.0,3422.0,58138.0,172384.0,45625.0,20645.0,11594.0,36975.0,82600.0,68366.0,17710.0,3708.0,,89784.0,172384.0,4612.0,1742.0,5811.0,7553.0,-5363.0,-199.0,863.0,2319.0,-2380.0,9785.0,-1330.0,0.0,-5626.0,0.0,-1718.0,-1718.0,-236.0,-8910.0,-500.0,500.0,0.0,-1024.0,-1024.0,-2309.0,-247.0,-3580.0,-2903.0,618.0,-2309.0,2.504,0.187,0.2522,67.3552,27.7222,27.7222,,28.1285,19.7246,0.1356,2.8695,1.1964,75.2271,5.1368,7.3585,2.6754,4.1764,10.8974,1.1546,0.9982000000000001,23382.0,15749.0,6482.0,8224.0,4612.0,0.55,8399.0,172384.0,85709.0,20645.0,82600.0,89784.0
2014-03-31,MSFT,20403.0,5978.0,14425.0,2743.0,4708.0,,13429.0,6974.0,-17.0,6957.0,1297.0,5660.0,,5660.0,,5660.0,8229.0,6974.0,8284.0,8367.0,0.68,0.68,88425.0,13497.0,1920.0,,3740.0,109006.0,11771.0,14792.0,17652.0,2898.0,47113.0,156119.0,33903.0,20679.0,9953.0,34792.0,68695.0,67803.0,16289.0,3332.0,,87424.0,156119.0,5660.0,1255.0,386.0,1641.0,2501.0,-324.0,-716.0,1337.0,2798.0,10099.0,-1192.0,0.0,-157.0,0.0,-2981.0,-2981.0,46.0,-4284.0,-300.0,0.0,-300.0,-1704.0,-1704.0,-2322.0,22.0,-4304.0,1513.0,602.0,-2322.0,3.2152,0.1913,0.2594,70.7004,34.1813,34.1813,,34.0979,27.741,0.1307,3.1135,1.5117,59.5368,6.4742,8.1121,3.6254,5.2357,10.584,1.2121,1.0684,20403.0,14425.0,6974.0,8229.0,5660.0,0.68,8367.0,156119.0,88425.0,20679.0,68695.0,87424.0
2013-12-31,MSFT,24519.0,8322.0,16197.0,2748.0,5480.0,,16550.0,7969.0,-91.0,7878.0,1320.0,6558.0,,6558.0,,6558.0,9230.0,7969.0,8326.0,8395.0,0.79,0.78,83944.0,15986.0,1594.0,,4018.0,106870.0,11567.0,14607.0,17625.0,2874.0,46673.0,153543.0,33742.0,20676.0,9790.0,34701.0,68443.0,67476.0,14347.0,3277.0,,85100.0,153543.0,6558.0,1261.0,-291.0,970.0,-4875.0,1029.0,602.0,129.0,-3115.0,4413.0,-1732.0,0.0,-139.0,0.0,679.0,679.0,167.0,-1025.0,7674.0,-712.0,6962.0,-1996.0,-1996.0,-2332.0,-19.0,2615.0,6036.0,591.0,-2332.0,3.1673,0.1955,0.27,66.059,32.5013,32.5013,,32.1302,26.7466,0.1597,5.2208,1.5338,58.6786,7.7062,9.7192,4.2711,6.1999,10.253,0.5302,0.32320000000000004,24519.0,16197.0,7969.0,9230.0,6558.0,0.78,8395.0,153543.0,83944.0,20676.0,68443.0,85100.0
2013-09-30,MSFT,18529.0,5145.0,13384.0,2767.0,4283.0,,12195.0,6334.0,74.0,6408.0,1164.0,5244.0,,5244.0,,5244.0,7288.0,6334.0,8339.0,8434.0,0.63,0.62,80672.0,11007.0,2613.0,,3900.0,99450.0,10774.0,11995.0,17649.0,2480.0,42898.0,142348.0,34623.0,12632.0,9587.0,26084.0,60707.0,67230.0,11680.0,2731.0,,81641.0,142348.0,5244.0,954.0,-1314.0,-360.0,6617.0,-667.0,-276.0,-2353.0,3321.0,8205.0,-1231.0,,-15.0,,-3304.0,-3304.0,-64.0,-4614.0,-412.0,712.0,300.0,-1985.0,-1985.0,-1916.0,205.0,-3396.0,219.0,635.0,-1916.0,2.8724,0.134,0.1951,72.2327,34.1843,34.1843,,34.5836,28.3016,0.1302,1.969,1.6834,53.4638,6.4232,8.1948,3.6839,5.5626,9.7821,0.9728,0.8269,18529.0,13384.0,6334.0,7288.0,5244.0,0.62,8434.0,142348.0,80672.0,12632.0,60707.0,81641.0
2013-06-30,MSFT,19896.0,5738.0,14158.0,2783.0,5302.0,,13823.0,6073.0,72.0,6145.0,1180.0,4965.0,,4965.0,,4965.0,7056.0,6073.0,8375.0,8470.0,0.6,0.57,77022.0,17486.0,1938.0,,3388.0,101466.0,9991.0,10844.0,17738.0,2392.0,40965.0,142431.0,37417.0,12601.0,10000.0,26070.0,63487.0,67306.0,9895.0,1743.0,,78944.0,142431.0,4965.0,983.0,4812.0,5795.0,-5666.0,187.0,486.0,136.0,-4857.0,5903.0,-1794.0,0.0,-20.0,0.0,-4106.0,-4106.0,81.0,-5839.0,1305.0,0.0,1305.0,-876.0,-876.0,-1921.0,23.0,-1469.0,-1436.0,601.0,-1921.0,2.7118,0.1376,0.1976,71.16,30.5237,30.5237,,30.8856,24.9548,0.1397,2.9608,1.1378,79.0983,6.2893,8.112,3.4859,5.4236,9.4793,0.6837000000000001,0.4733,19896.0,14158.0,6073.0,7056.0,4965.0,0.57,8470.0,142431.0,77022.0,12601.0,63487.0,78944.0
2013-03-31,MSFT,20489.0,4787.0,15702.0,2640.0,5450.0,,12877.0,7612.0,-9.0,7603.0,1548.0,6055.0,,6055.0,,6055.0,8665.0,7612.0,8364.0,8429.0,0.72,0.72,74483.0,11991.0,2133.0,,3241.0,93524.0,9204.0,11193.0,17922.0,2262.0,40581.0,134105.0,31929.0,11949.0,9721.0,25488.0,57417.0,66826.0,7657.0,2205.0,,76688.0,134105.0,6055.0,1053.0,-1146.0,-93.0,2191.0,-483.0,-67.0,2063.0,3704.0,9666.0,-930.0,0.0,-108.0,0.0,-7165.0,-7165.0,543.0,-7660.0,0.0,0.0,0.0,-825.0,-825.0,-1925.0,6.0,-2744.0,-777.0,599.0,-1925.0,2.9291,0.1348,0.1851,76.6363,37.1516,37.1516,,37.1077,29.5524,0.1528,2.2443,1.7087,52.6717,7.8956,10.3036,4.5151,6.8312,9.1853,1.1496,1.0389,20489.0,15702.0,7612.0,8665.0,6055.0,0.72,8429.0,134105.0,74483.0,11949.0,57417.0,76688.0
2012-12-31,MSFT,21456.0,5692.0,15764.0,2528.0,5465.0,,13685.0,7771.0,-1.0,7770.0,1393.0,6377.0,,6377.0,,6377.0,8780.0,7771.0,8393.0,8444.0,0.76,0.76,68312.0,14317.0,1661.0,,3301.0,89574.0,8698.0,10707.0,18068.0,1636.0,39109.0,128683.0,31910.0,11947.0,8397.0,24197.0,56107.0,66334.0,4236.0,2006.0,,72576.0,128683.0,6377.0,1009.0,1010.0,2019.0,-4488.0,-33.0,685.0,220.0,-3616.0,4780.0,-930.0,0.0,-311.0,0.0,-959.0,-959.0,-393.0,-2593.0,2232.0,0.0,2232.0,-1513.0,-1513.0,-1933.0,-7.0,-1221.0,981.0,603.0,-1933.0,2.8071,0.1413,0.1955,73.4713,36.2183,36.2183,,36.2137,29.7213,0.1667,3.4269,1.4986,60.0545,8.7867,11.6992,4.9556,7.5447,8.6668,0.5720000000000001,0.4615,21456.0,15764.0,7771.0,8780.0,6377.0,0.76,8444.0,128683.0,68312.0,11947.0,56107.0,72576.0
2012-09-30,MSFT,16008.0,4168.0,11840.0,2460.0,4072.0,,10700.0,5308.0,226.0,5534.0,1068.0,4466.0,,4466.0,,4466.0,6018.0,5308.0,8396.0,8494.0,0.53,0.53,66644.0,9871.0,1624.0,,3860.0,84051.0,8329.0,10038.0,17889.0,1569.0,37825.0,121876.0,31402.0,9714.0,8423.0,21638.0,53040.0,66084.0,932.0,1820.0,,68836.0,121876.0,4466.0,710.0,-86.0,624.0,6156.0,-473.0,-567.0,-1722.0,3394.0,8484.0,-603.0,,-1145.0,,-5572.0,-5572.0,-399.0,-7719.0,,,,-1215.0,-1215.0,-1676.0,177.0,-2714.0,-1902.0,603.0,-1676.0,2.6766,0.1237,0.1736,73.963,33.1584,33.1584,,34.5702,27.8986,0.1313,2.5665,1.6217,55.4966,6.4879,8.766,3.6644,5.6856,8.1734,0.9988,0.9278,16008.0,11840.0,5308.0,6018.0,4466.0,0.53,8494.0,121876.0,66644.0,9714.0,53040.0,68836.0
2012-06-30,MSFT,18059.0,4163.0,13896.0,2594.0,4917.0,,17867.0,192.0,167.0,359.0,851.0,-492.0,,-492.0,,-492.0,7182.0,192.0,8396.0,8506.0,-0.06,-0.06,63040.0,15780.0,1137.0,,3092.0,85084.0,8269.0,9776.0,16622.0,1520.0,36187.0,121271.0,32688.0,10713.0,8208.0,22220.0,54908.0,65797.0,-856.0,1422.0,,66363.0,121271.0,-492.0,6990.0,5982.0,12972.0,-5007.0,263.0,349.0,-408.0,-4803.0,7677.0,-622.0,0.0,-526.0,0.0,-3117.0,-3117.0,-397.0,-4662.0,0.0,0.0,0.0,-752.0,-752.0,-1678.0,9.0,-2421.0,550.0,520.0,-1678.0,2.6029,0.139,0.18,76.9478,1.0632,1.0632,,1.9879,-2.7244,0.1489,3.6614,1.1444,78.6422,-0.7414,-0.9891,-0.4057,-0.6383,7.9183,0.8999,0.8270000000000001,18059.0,13896.0,192.0,7182.0,-492.0,-0.06,8506.0,121271.0,63040.0,10713.0,54908.0,66363.0
2012-03-31,MSFT,17407.0,3952.0,13455.0,2517.0,4564.0,,11033.0,6374.0,-11.0,6363.0,1255.0,5108.0,,5108.0,,5108.0,7140.0,6374.0,8401.0,8498.0,0.61,0.6,59529.0,10961.0,1412.0,,2608.0,76860.0,8225.0,9068.0,22454.0,1403.0,41150.0,118010.0,26170.0,11938.0,8525.0,23181.0,49351.0,65273.0,3386.0,,,68659.0,118010.0,5108.0,766.0,374.0,1140.0,2770.0,-50.0,-114.0,740.0,3346.0,9594.0,-749.0,0.0,-84.0,0.0,-11769.0,-11769.0,361.0,-12241.0,0.0,0.0,0.0,68.0,68.0,-1683.0,10.0,-1605.0,-4222.0,591.0,-1683.0,2.937,0.1481,0.1739,77.2965,36.6175,36.6175,,36.5543,29.3445,0.1475,2.7989,1.5881,56.672,7.4397,11.0551,4.3284,6.3377,8.1737,1.1224,1.0346,17407.0,13455.0,6374.0,7140.0,5108.0,0.6,8498.0,118010.0,59529.0,11938.0,49351.0,68659.0
2011-12-31,MSFT,20885.0,5638.0,15247.0,2371.0,4882.0,,12891.0,7994.0,245.0,8239.0,1615.0,6624.0,,6624.0,,6624.0,8672.0,7994.0,8402.0,8465.0,0.79,0.78,51736.0,13643.0,1351.0,,3614.0,72513.0,8010.0,7550.0,22251.0,1919.0,39730.0,112243.0,25373.0,11932.0,8386.0,22749.0,48122.0,63902.0,219.0,,,64121.0,112243.0,6624.0,678.0,-40.0,638.0,-3652.0,891.0,176.0,1185.0,-1400.0,5862.0,-498.0,0.0,-8627.0,0.0,3849.0,3849.0,-292.0,-5568.0,0.0,0.0,0.0,-834.0,-834.0,-1683.0,4.0,-2513.0,-2271.0,575.0,-1683.0,2.8579,0.1569,0.1861,73.0046,38.2763,38.2763,,39.4494,31.7165,0.1861,4.1732,1.5308,58.792,10.3305,15.8204,5.9015,8.7097,7.6498,0.6954,0.6365000000000001,20885.0,15247.0,7994.0,8672.0,6624.0,0.78,8465.0,112243.0,51736.0,11932.0,48122.0,64121.0
2011-09-30,MSFT,17372.0,3777.0,13595.0,2329.0,4063.0,,10169.0,7203.0,103.0,7306.0,1568.0,5738.0,,5738.0,,5738.0,7929.0,7203.0,8392.0,8490.0,0.68,0.68,57403.0,10153.0,2270.0,,3255.0,75271.0,8033.0,8576.0,13563.0,1972.0,32144.0,107415.0,25543.0,11927.0,8201.0,22481.0,48024.0,63492.0,-4101.0,,,59391.0,107415.0,5738.0,726.0,-654.0,72.0,4733.0,-920.0,-442.0,-688.0,2683.0,8493.0,-436.0,,-875.0,,-938.0,-938.0,-66.0,-2315.0,,,,-1598.0,-1598.0,-1341.0,70.0,-2869.0,3271.0,558.0,-1341.0,2.9468,0.1672,0.2008,78.2581,41.4633,41.4633,,42.0562,33.0302,0.1617,1.6639,1.711,52.6002,9.6614,12.5207,5.3419,8.0457,7.062,1.0004,0.949,17372.0,13595.0,7203.0,7929.0,5738.0,0.68,8490.0,107415.0,57403.0,11927.0,48024.0,59391.0
2011-06-30,MSFT,17367.0,3708.0,13659.0,2393.0,5095.0,,11196.0,6171.0,148.0,6319.0,445.0,5874.0,,5874.0,,5874.0,6860.0,6171.0,8490.0,8593.0,0.7,0.69,52772.0,14987.0,1372.0,,3320.0,74918.0,8162.0,10865.0,13325.0,1434.0,33786.0,108704.0,28774.0,11921.0,8072.0,22847.0,51621.0,63415.0,-6332.0,,,57083.0,108704.0,5874.0,689.0,5032.0,5721.0,-4886.0,-303.0,293.0,-757.0,-5653.0,5942.0,-642.0,0.0,-2.0,0.0,-269.0,-269.0,-37.0,-950.0,0.0,0.0,0.0,-1076.0,-1076.0,-1350.0,3.0,-2423.0,2589.0,544.0,-1350.0,2.6037,0.1728,0.2088,78.6492,35.5329,35.5329,,36.3851,33.8228,0.1598,2.7026,1.1588,77.6663,10.2903,13.4238,5.4037,8.5125,6.8151,0.6676000000000001,0.5948,17367.0,13659.0,6171.0,6860.0,5874.0,0.69,8593.0,108704.0,52772.0,11921.0,51621.0,57083.0
2011-03-31,MSFT,16428.0,3897.0,12531.0,2269.0,4553.0,,10719.0,5709.0,316.0,6025.0,793.0,5232.0,,5232.0,,5232.0,6429.0,5709.0,8420.0,8510.0,0.62,0.61,50150.0,10033.0,1056.0,,2438.0,66263.0,7969.0,10748.0,13394.0,1353.0,33464.0,99727.0,24042.0,11915.0,8001.0,22233.0,46275.0,63234.0,-9782.0,,,53452.0,99727.0,5232.0,720.0,-55.0,665.0,3031.0,-170.0,-51.0,-35.0,2775.0,8672.0,-658.0,0.0,0.0,0.0,-6370.0,-6370.0,-111.0,-7139.0,2239.0,0.0,2239.0,557.0,557.0,-1349.0,-10.0,1437.0,2998.0,541.0,-1349.0,2.7561,0.1823,0.2229,76.2783,34.7516,34.7516,,36.6752,31.8481,0.1647,3.6903,1.6374,54.9653,9.7882,13.0611,5.2463,8.004,6.3399,1.0292,0.9510000000000001,16428.0,12531.0,5709.0,6429.0,5232.0,0.61,8510.0,99727.0,50150.0,11915.0,46275.0,53452.0
2010-12-31,MSFT,19953.0,4833.0,15120.0,2185.0,4770.0,,11788.0,8165.0,332.0,8497.0,1863.0,6634.0,,6634.0,,6634.0,8828.0,8165.0,8497.0,8570.0,0.78,0.77,41252.0,12874.0,861.0,,2149.0,59684.0,7799.0,10022.0,13494.0,1307.0,32622.0,92306.0,24312.0,9671.0,7662.0,19513.0,43825.0,61646.0,-13165.0,,,48481.0,92306.0,6634.0,663.0,-261.0,402.0,-3270.0,380.0,216.0,-176.0,-2850.0,4186.0,-491.0,0.0,-69.0,0.0,-1457.0,-1457.0,447.0,-1570.0,0.0,-1000.0,-1000.0,-4392.0,-4392.0,-1363.0,4.0,-6751.0,-4138.0,553.0,-1363.0,2.4549,0.1663,0.1995,75.7781,40.9212,40.9212,,42.5851,33.2481,0.2162,5.6132,1.5499,58.0695,13.6837,18.9613,7.187,11.408,5.7695,0.5022,0.444,19953.0,15120.0,8165.0,8828.0,6634.0,0.77,8570.0,92306.0,41252.0,9671.0,43825.0,48481.0
2010-09-30,MSFT,16195.0,3139.0,13056.0,2196.0,3744.0,,9079.0,7116.0,114.0,7230.0,1820.0,5410.0,,5410.0,,5410.0,7810.0,7116.0,8614.0,8695.0,0.63,0.62,44173.0,9646.0,1242.0,,2176.0,59581.0,7771.0,9211.0,13548.0,1429.0,31959.0,91540.0,25857.0,9665.0,7384.0,18741.0,44598.0,61935.0,-14993.0,,,46942.0,91540.0,5410.0,694.0,-635.0,59.0,3674.0,-468.0,-400.0,-81.0,2725.0,8194.0,-564.0,,,,-5120.0,-5120.0,727.0,-4957.0,3907.0,814.0,4721.0,-4222.0,-4222.0,-1118.0,-20.0,-639.0,2656.0,528.0,-1118.0,2.3043,0.1707,0.2272,80.6175,43.9395,43.9395,,44.6434,33.4054,0.1769,2.5274,1.6789,53.6054,11.5249,16.2005,5.91,9.5571,5.4826,0.9424,0.8775,16195.0,13056.0,7116.0,7810.0,5410.0,0.62,8695.0,91540.0,44173.0,9665.0,44598.0,46942.0
2010-06-30,MSFT,16039.0,3170.0,12869.0,2350.0,4589.0,,10109.0,5930.0,94.0,6024.0,1506.0,4518.0,,4518.0,,4518.0,6648.0,5930.0,8813.0,8927.0,0.52,0.51,36788.0,13014.0,740.0,,2950.0,55676.0,7630.0,7754.0,13552.0,1501.0,30437.0,86113.0,26147.0,4939.0,7445.0,13791.0,39938.0,62856.0,-16681.0,,,46175.0,86113.0,4518.0,718.0,2733.0,3451.0,-4144.0,-260.0,755.0,1284.0,-2365.0,5604.0,-758.0,0.0,0.0,0.0,-749.0,-749.0,-2612.0,-4119.0,487.0,-545.0,-58.0,-2927.0,-2927.0,-1130.0,17.0,-4098.0,-2650.0,482.0,-1130.0,2.1293,0.0966,0.1286,80.2357,36.9724,36.9724,,37.5585,28.1688,0.1863,4.2838,1.2324,73.0258,9.7845,13.8491,5.2466,8.8391,5.3271,0.6159,0.5318,16039.0,12869.0,5930.0,6648.0,4518.0,0.51,8927.0,86113.0,36788.0,4939.0,39938.0,46175.0
2010-03-31,MSFT,14503.0,2755.0,11748.0,2220.0,4355.0,,9330.0,5173.0,168.0,5341.0,1335.0,4006.0,,4006.0,,4006.0,5867.0,5173.0,8767.0,8876.0,0.46,0.45,39666.0,9137.0,501.0,,2992.0,54518.0,7372.0,7797.0,13745.0,1478.0,30392.0,84910.0,26424.0,3746.0,7113.0,12776.0,39200.0,62517.0,-16807.0,,,45710.0,84910.0,4006.0,694.0,-150.0,544.0,1947.0,77.0,122.0,697.0,2843.0,7393.0,-408.0,0.0,-143.0,0.0,-5236.0,-5236.0,-117.0,-5904.0,349.0,-349.0,0.0,-1601.0,-1601.0,-1139.0,14.0,-2726.0,-1267.0,481.0,-1139.0,2.0632,0.0757,0.1312,81.0039,35.6685,35.6685,,36.8269,27.6219,0.1708,5.499,1.5873,56.7007,8.7639,12.5325,4.7179,8.1001,5.2168,0.8434,0.7966000000000001,14503.0,11748.0,5173.0,5867.0,4006.0,0.45,8876.0,84910.0,39666.0,3746.0,39200.0,45710.0
2009-12-31,MSFT,19022.0,3628.0,15394.0,2079.0,4802.0,,10509.0,8513.0,370.0,8883.0,2221.0,6662.0,,6662.0,,6662.0,9128.0,8513.0,8856.0,8951.0,0.75,0.74,36099.0,11196.0,589.0,,2547.0,52487.0,7402.0,6976.0,13714.0,1517.0,29609.0,82096.0,25715.0,3746.0,6808.0,12098.0,37813.0,62566.0,-18283.0,,,44283.0,82096.0,6662.0,615.0,-1368.0,-753.0,-2789.0,558.0,3.0,1288.0,-940.0,4969.0,-376.0,0.0,-63.0,0.0,970.0,970.0,-623.0,-92.0,473.0,-475.0,-2.0,-3138.0,-3138.0,-1152.0,15.0,-4277.0,599.0,485.0,-1152.0,2.0411,0.078,0.1354,80.9274,44.7534,44.7534,,46.6986,35.0226,0.2317,6.1596,1.699,52.9724,15.0442,21.7933,8.1149,13.8708,5.0259,0.5576,0.5154,19022.0,15394.0,8513.0,9128.0,6662.0,0.74,8951.0,82096.0,36099.0,3746.0,37813.0,44283.0
2009-09-30,MSFT,12920.0,2842.0,10078.0,2065.0,3531.0,,8438.0,4482.0,283.0,4765.0,1191.0,3574.0,,3574.0,,3574.0,5128.0,4482.0,8914.0,8983.0,0.4,0.4,36728.0,8587.0,1150.0,,3325.0,52231.0,7512.0,6006.0,14235.0,1628.0,29381.0,81612.0,28761.0,3746.0,6537.0,11639.0,40400.0,62293.0,-21081.0,,,41212.0,81612.0,3574.0,646.0,764.0,1410.0,2748.0,-419.0,-36.0,-1170.0,1123.0,6107.0,-435.0,,-39.0,,-2575.0,-2575.0,1850.0,-1199.0,-128.0,378.0,250.0,-1292.0,-1292.0,-1157.0,9.0,-2190.0,2747.0,443.0,-1157.0,1.816,0.0833,0.1455,78.0031,34.6904,34.6904,,36.8808,27.6625,0.1583,2.4713,1.5046,59.8166,8.6722,13.2483,4.3793,7.9496,4.6306,0.6798,0.6314,12920.0,10078.0,4482.0,5128.0,3574.0,0.4,8983.0,81612.0,36728.0,3746.0,40400.0,41212.0
2009-06-30,MSFT,13099.0,2586.0,10513.0,2225.0,4301.0,,9112.0,3987.0,155.0,4142.0,1097.0,3045.0,,3045.0,,3045.0,4668.0,3987.0,8945.0,8996.0,0.35,0.34,31447.0,11192.0,717.0,,3711.0,49280.0,7535.0,4933.0,14262.0,1599.0,28608.0,77888.0,27034.0,3746.0,6269.0,11296.0,38330.0,62382.0,-22824.0,,,39558.0,77888.0,3045.0,681.0,2720.0,3401.0,-1820.0,255.0,-671.0,-369.0,-2605.0,3841.0,-867.0,0.0,-41.0,0.0,-7099.0,-7099.0,150.0,-7857.0,4240.0,-489.0,3751.0,121.0,121.0,-1158.0,-15.0,2699.0,-1209.0,416.0,-1158.0,1.8229,0.0865,0.1453,80.258,30.4374,30.4374,,31.6207,23.2461,0.1682,3.6067,1.1704,76.8975,7.6976,12.0375,3.9095,7.0317,4.4407,0.4096,0.3158,13099.0,10513.0,3987.0,4668.0,3045.0,0.34,8996.0,77888.0,31447.0,3746.0,38330.0,39558.0
2009-03-31,MSFT,13648.0,2814.0,10834.0,2212.0,4184.0,,9210.0,4438.0,-388.0,4050.0,1073.0,2977.0,,2977.0,,2977.0,5102.0,4438.0,8891.0,8904.0,0.33,0.33,25340.0,9182.0,657.0,,3619.0,40724.0,7112.0,4112.0,14310.0,1639.0,28129.0,68853.0,23823.0,,6699.0,8087.0,31910.0,61896.0,-24953.0,,,36943.0,68853.0,2977.0,664.0,-202.0,462.0,1697.0,0.0,0.0,908.0,2605.0,6044.0,-632.0,0.0,0.0,0.0,-6441.0,-6441.0,1064.0,-6009.0,328.0,-329.0,-1.0,94.0,94.0,-1155.0,2.0,-1060.0,-1061.0,432.0,-1155.0,1.7094,,0.0541,79.3816,32.5176,32.5176,,29.6747,21.8127,0.1982,4.2831,1.4864,60.5495,8.0584,13.1534,4.3237,8.0584,4.1518,0.6799000000000001,0.6087,13648.0,10834.0,4438.0,5102.0,2977.0,0.33,8904.0,68853.0,25340.0,,31910.0,36943.0
2008-12-31,MSFT,16629.0,3907.0,12722.0,2290.0,4493.0,,10690.0,5939.0,-301.0,5638.0,1464.0,4174.0,,4174.0,,4174.0,6571.0,5939.0,8903.0,8914.0,0.47,0.47,20715.0,10953.0,968.0,,3590.0,37730.0,6996.0,3922.0,14305.0,1724.0,28056.0,65786.0,23710.0,,6064.0,7598.0,31308.0,61392.0,-26914.0,,,34478.0,65786.0,4174.0,632.0,613.0,1245.0,-1647.0,0.0,0.0,2010.0,363.0,5782.0,-842.0,0.0,-450.0,0.0,-606.0,-606.0,-601.0,-2499.0,0.0,21.0,21.0,-2724.0,-2724.0,-1157.0,2.0,-3858.0,-658.0,417.0,-1157.0,1.5913,,0.058,76.5049,35.7147,35.7147,,33.9046,25.1007,0.2528,4.0362,1.5182,59.2802,12.1063,20.691,6.3448,12.1063,3.8787,0.6597000000000001,0.5627,16629.0,12722.0,5939.0,6571.0,4174.0,0.47,8914.0,65786.0,20715.0,,31308.0,34478.0
2008-09-30,MSFT,15061.0,2848.0,12213.0,2283.0,3931.0,,9062.0,5999.0,-8.0,5991.0,1618.0,4373.0,,4373.0,,4373.0,6584.0,5999.0,9084.0,9183.0,0.48,0.48,20722.0,9535.0,1640.0,,3331.0,37202.0,6552.0,4381.0,14190.0,1751.0,27915.0,65117.0,24383.0,,5478.0,7140.0,31523.0,61655.0,-28061.0,,,33594.0,65117.0,4373.0,585.0,-1047.0,-462.0,3985.0,,,-4526.0,-541.0,3370.0,-778.0,,-377.0,,3293.0,3293.0,-1543.0,595.0,,1975.0,1975.0,-6265.0,-6265.0,-998.0,44.0,-5244.0,-1335.0,443.0,-998.0,1.5257,,0.0588,81.0902,39.8314,39.8314,,39.7782,29.0353,0.2313,1.7366,1.5795,56.9783,13.0172,22.5366,6.7156,13.0172,3.7422,0.367,0.2823,15061.0,12213.0,5999.0,6584.0,4373.0,0.48,9183.0,65117.0,20722.0,,31523.0,33594.0
2008-06-30,MSFT,15837.0,2866.0,12971.0,2407.0,4885.0,,10158.0,5679.0,289.0,5968.0,1671.0,4297.0,,4297.0,,4297.0,6287.0,5679.0,9328.0,9470.0,0.47,0.45,23662.0,13589.0,985.0,,2989.0,43242.0,6242.0,6588.0,14081.0,1691.0,29551.0,72793.0,29886.0,,4721.0,6621.0,36507.0,62849.0,-26563.0,,,36286.0,72793.0,4297.0,608.0,3729.0,4337.0,-3646.0,0.0,0.0,-903.0,-4549.0,4085.0,-1218.0,0.0,-2086.0,0.0,2663.0,2663.0,138.0,-503.0,0.0,0.0,0.0,-4061.0,-4061.0,-1020.0,9.0,-5072.0,-1481.0,413.0,-1020.0,1.4469,,,81.9031,35.8591,35.8591,,37.6839,27.1327,0.2176,2.9096,1.1654,77.2249,11.842,19.3515,5.903,11.842,3.9653,0.4232,0.2954,15837.0,12971.0,5679.0,6287.0,4297.0,0.45,9470.0,72793.0,23662.0,,36507.0,36286.0
2008-03-31,MSFT,14454.0,2514.0,11940.0,2035.0,5615.0,,10164.0,4290.0,520.0,4810.0,422.0,4388.0,,4388.0,,4388.0,4822.0,4290.0,9307.0,9428.0,0.47,0.47,26341.0,9871.0,774.0,,2782.0,41489.0,5516.0,8659.0,11985.0,1731.0,29258.0,70747.0,27028.0,,4411.0,6165.0,33193.0,63375.0,-25821.0,,,37554.0,70747.0,4388.0,532.0,148.0,680.0,1857.0,0.0,0.0,157.0,2014.0,7082.0,-759.0,0.0,-138.0,0.0,-190.0,-190.0,309.0,-778.0,0.0,0.0,0.0,-972.0,-972.0,-1023.0,9.0,-1986.0,4360.0,373.0,-1023.0,1.535,,,82.6069,29.6804,29.6804,,33.278,30.3584,0.2043,3.2481,1.4643,61.4633,11.6845,17.1614,6.2024,11.6845,4.0337,0.7599,0.6784,14454.0,11940.0,4290.0,4822.0,4388.0,0.47,9428.0,70747.0,26341.0,,33193.0,37554.0
2007-12-31,MSFT,16367.0,3543.0,12824.0,1885.0,4486.0,,9914.0,6453.0,367.0,6820.0,2113.0,4707.0,,4707.0,,4707.0,6934.0,6453.0,9361.0,9503.0,0.5,0.5,21076.0,11621.0,755.0,,2840.0,37775.0,4965.0,9413.0,12026.0,1960.0,29564.0,67339.0,22058.0,,8893.0,10850.0,32908.0,62528.0,-28097.0,,,34431.0,67339.0,4707.0,481.0,1143.0,1624.0,-2586.0,0.0,0.0,822.0,-1764.0,4567.0,-695.0,0.0,-433.0,0.0,849.0,849.0,-770.0,-1049.0,0.0,0.0,0.0,-1722.0,-1722.0,-1034.0,33.0,-2723.0,823.0,360.0,-1034.0,1.7125,,,78.3528,39.4269,39.4269,,41.6692,28.7591,0.2431,4.6927,1.4084,63.9024,13.6708,21.0087,6.99,13.6708,3.6907,0.4812,0.40800000000000003,16367.0,12824.0,6453.0,6934.0,4707.0,0.5,9503.0,67339.0,21076.0,,32908.0,34431.0
2007-09-30,MSFT,13762.0,2675.0,11087.0,1837.0,3401.0,,7913.0,5849.0,367.0,6216.0,1927.0,4289.0,,4289.0,,4289.0,6284.0,5849.0,9380.0,9513.0,0.46,0.45,21574.0,8982.0,1178.0,,2548.0,35853.0,4615.0,9707.0,11869.0,2014.0,29792.0,65645.0,22744.0,,8981.0,10766.0,33510.0,60699.0,-28564.0,,,32135.0,65645.0,4289.0,435.0,-710.0,-275.0,2806.0,,,-942.0,1864.0,5878.0,-510.0,,-5396.0,,3453.0,3453.0,196.0,-2257.0,,,,-2284.0,-2284.0,-938.0,69.0,-3153.0,526.0,333.0,-938.0,1.5764,,,80.5624,42.5011,42.5011,,45.1679,31.1655,0.2096,2.2708,1.5322,58.74,13.3468,21.1635,6.5336,13.3468,3.4351,0.6179,0.5643,13762.0,11087.0,5849.0,6284.0,4289.0,0.45,9513.0,65645.0,21574.0,,33510.0,32135.0
2007-06-30,MSFT,13371.0,3237.0,10134.0,1948.0,4283.0,,9468.0,3903.0,381.0,4284.0,1249.0,3035.0,,3035.0,,3035.0,4284.0,3903.0,9742.0,9886.0,0.31,0.31,23411.0,11338.0,1127.0,,2393.0,40168.0,4350.0,10117.0,5638.0,1509.0,23003.0,63171.0,23754.0,,6453.0,8320.0,32074.0,60557.0,-29460.0,,,31097.0,63171.0,3035.0,381.0,2398.0,2779.0,-2775.0,0.0,0.0,1363.0,-1412.0,4402.0,-820.0,0.0,-648.0,0.0,2833.0,2833.0,-290.0,1075.0,0.0,0.0,0.0,-6053.0,-6053.0,-952.0,22.0,-6983.0,-1500.0,336.0,-952.0,1.691,,,75.7909,29.19,29.19,,32.0395,22.6984,0.2117,2.8722,1.1793,76.3159,9.7598,11.9211,4.8044,9.7598,3.3152,0.442,0.3594,13371.0,10134.0,3903.0,4284.0,3035.0,0.31,9886.0,63171.0,23411.0,,32074.0,31097.0
2007-03-31,MSFT,14398.0,2140.0,12258.0,1750.0,3919.0,,7809.0,6589.0,382.0,6971.0,2045.0,4926.0,,4926.0,,4926.0,7034.0,6589.0,9725.0,9862.0,0.51,0.5,28236.0,8454.0,1750.0,,2374.0,42783.0,3923.0,9624.0,4916.0,1228.0,21108.0,63891.0,21627.0,,5559.0,7291.0,28918.0,60827.0,-25854.0,,,34973.0,63891.0,4926.0,445.0,557.0,1002.0,1455.0,0.0,0.0,801.0,2256.0,7291.0,-461.0,0.0,-41.0,0.0,695.0,695.0,318.0,511.0,0.0,0.0,0.0,-6094.0,-6094.0,-976.0,7.0,-7063.0,752.0,321.0,-976.0,1.9782,,,85.1368,45.7633,45.7633,,48.4165,34.2131,0.2254,1.2229,1.7031,52.8448,14.0852,16.3889,7.71,14.0852,3.6537,0.7442000000000001,0.6967,14398.0,12258.0,6589.0,7034.0,4926.0,0.5,9862.0,63891.0,28236.0,,28918.0,34973.0
2006-12-31,MSFT,12542.0,3620.0,8922.0,1637.0,3813.0,,9070.0,3472.0,333.0,3805.0,1179.0,2626.0,,2626.0,,2626.0,3837.0,3472.0,9806.0,9942.0,0.27,0.26,28873.0,9895.0,1725.0,,2080.0,45180.0,3686.0,9631.0,4934.0,1284.0,21191.0,66371.0,22215.0,,5684.0,7522.0,29737.0,61152.0,-24518.0,,,36634.0,66371.0,2626.0,365.0,1210.0,1575.0,-2945.0,0.0,0.0,349.0,-2596.0,2042.0,-572.0,0.0,-125.0,0.0,-329.0,-329.0,-932.0,-1958.0,0.0,0.0,0.0,-1348.0,-1348.0,-980.0,5.0,-2323.0,-2217.0,437.0,-980.0,2.0338,,,71.137,27.683,27.683,,30.3381,20.9377,0.189,2.0986,1.2675,71.0054,7.1682,8.2839,3.9565,7.1682,3.747,0.2082,0.1504,12542.0,8922.0,3472.0,3837.0,2626.0,0.26,9942.0,66371.0,28873.0,,29737.0,36634.0
2006-09-30,MSFT,10811.0,1696.0,9115.0,1786.0,2855.0,,6337.0,4474.0,567.0,5041.0,1563.0,3478.0,,3478.0,,3478.0,4723.0,4474.0,9929.0,10010.0,0.35,0.35,31832.0,6879.0,2521.0,,2058.0,45358.0,3193.0,8762.0,4873.0,1287.0,19996.0,65354.0,21972.0,,5494.0,7281.0,29253.0,57657.0,-21556.0,,,36101.0,65354.0,3478.0,249.0,-913.0,-664.0,2501.0,,,-1710.0,791.0,4061.0,-411.0,,-336.0,,6680.0,6680.0,528.0,6461.0,,,,-7298.0,-7298.0,-897.0,20.0,-8175.0,2362.0,456.0,-897.0,2.0644,,,84.3123,41.3838,41.3838,,46.6284,32.1709,0.1654,0.6727,1.5716,57.2667,9.6341,11.1374,5.3218,9.6341,3.6763,0.4057,0.3646,10811.0,9115.0,4474.0,4723.0,3478.0,0.35,10010.0,65354.0,31832.0,,29253.0,36101.0
2006-06-30,MSFT,11804.0,2130.0,9674.0,1861.0,3932.0,,7923.0,3881.0,377.0,4258.0,1430.0,2828.0,,2828.0,,2828.0,4142.0,3881.0,10438.0,10531.0,0.28,0.28,34161.0,9316.0,1478.0,,2115.0,49010.0,3044.0,9232.0,4405.0,1295.0,20587.0,69597.0,22442.0,,5287.0,7051.0,29493.0,59005.0,-18901.0,,,40104.0,69597.0,2828.0,261.0,4143.0,4404.0,-2439.0,0.0,0.0,-160.0,-2599.0,3281.0,-745.0,0.0,-316.0,0.0,3020.0,3020.0,1780.0,3739.0,0.0,0.0,0.0,-3789.0,-3789.0,-917.0,22.0,-4684.0,2363.0,363.0,-917.0,2.1839,,,81.9553,32.8787,32.8787,,36.0725,23.958,0.1696,1.4411,1.2671,71.0302,7.0517,7.9218,4.0634,7.0517,3.9857,0.2998,0.22990000000000002,11804.0,9674.0,3881.0,4142.0,2828.0,0.28,10531.0,69597.0,34161.0,,29493.0,40104.0
2006-03-31,MSFT,10900.0,2028.0,8872.0,1617.0,3367.0,,7012.0,3888.0,427.0,4315.0,1338.0,2977.0,,2977.0,,2977.0,4065.0,3888.0,10303.0,10415.0,0.29,0.29,34816.0,6818.0,1113.0,,1845.0,46628.0,2543.0,8888.0,4070.0,1289.0,20226.0,66854.0,18367.0,,4763.0,6449.0,24816.0,59850.0,-17812.0,,,42038.0,66854.0,2977.0,177.0,-298.0,-121.0,972.0,0.0,0.0,361.0,1333.0,4563.0,-302.0,0.0,-83.0,0.0,-119.0,-119.0,1337.0,833.0,0.0,0.0,0.0,-4233.0,-4233.0,-925.0,23.0,-5135.0,268.0,374.0,-925.0,2.5387,,,81.3945,35.6697,35.6697,,39.5872,27.3119,0.163,1.8221,1.5987,56.2954,7.0817,7.8408,4.453,7.0817,4.1113,0.45130000000000003,0.4213,10900.0,8872.0,3888.0,4065.0,2977.0,0.29,10415.0,66854.0,34816.0,,24816.0,42038.0
2005-12-31,MSFT,11837.0,2239.0,9598.0,1591.0,3350.0,,7180.0,4657.0,480.0,5137.0,1484.0,3653.0,,3653.0,,3653.0,4888.0,4657.0,10560.0,10638.0,0.35,0.34,34701.0,7758.0,1003.0,,1745.0,46694.0,2452.0,9095.0,4019.0,1284.0,20563.0,67257.0,16747.0,,4582.0,6302.0,23049.0,60140.0,-15932.0,,,44208.0,67257.0,3653.0,231.0,130.0,361.0,-2012.0,0.0,0.0,-285.0,-2297.0,2231.0,-318.0,0.0,-63.0,0.0,7073.0,7073.0,0.0,6692.0,0.0,0.0,0.0,-6969.0,-6969.0,-846.0,13.0,-7802.0,1109.0,514.0,-846.0,2.7882,,,81.0847,39.3427,39.3427,,43.3978,30.8609,0.176,2.2323,1.5258,58.9862,8.2632,9.0896,5.4314,8.2632,4.2573,0.21480000000000002,0.18460000000000001,11837.0,9598.0,4657.0,4888.0,3653.0,0.34,10638.0,67257.0,34701.0,,23049.0,44208.0
2005-09-30,MSFT,9741.0,1253.0,8488.0,1515.0,2927.0,,5695.0,4046.0,506.0,4552.0,1411.0,3141.0,,3141.0,,3141.0,4280.0,4046.0,10696.0,10772.0,0.29,0.29,40056.0,5799.0,726.0,,1770.0,49831.0,2351.0,10062.0,4006.0,1292.0,21631.0,71462.0,17022.0,,4455.0,6113.0,23135.0,60862.0,-12535.0,,,48327.0,71462.0,3141.0,234.0,-676.0,-442.0,1408.0,,,-242.0,1166.0,4329.0,-213.0,,-187.0,,-2861.0,-2861.0,,-3261.0,,,,-2115.0,-2115.0,-857.0,31.0,-2941.0,-1877.0,464.0,-857.0,2.9274,,,87.1369,41.5358,41.5358,,46.7303,32.2452,0.1363,1.7259,1.6798,53.5787,6.4995,7.0869,4.3953,6.4995,4.5399,0.4019,0.3821,9741.0,8488.0,4046.0,4280.0,3141.0,0.29,10772.0,71462.0,40056.0,,23135.0,48327.0
2005-06-30,MSFT,10161.0,1388.0,8773.0,1664.0,4120.0,,7172.0,2989.0,872.0,3861.0,161.0,3700.0,,3700.0,,3700.0,3271.0,2989.0,10839.0,10906.0,0.34,0.34,37751.0,7180.0,491.0,,1614.0,48737.0,2346.0,11004.0,3808.0,1299.0,22078.0,70815.0,16877.0,,4158.0,5823.0,22700.0,60413.0,-12298.0,,,48115.0,70815.0,3700.0,282.0,829.0,1111.0,-1707.0,0.0,0.0,337.0,-1370.0,3976.0,-260.0,0.0,-195.0,0.0,1314.0,1314.0,0.0,859.0,0.0,0.0,0.0,-2833.0,-2833.0,-859.0,-18.0,-3710.0,1069.0,535.0,-859.0,2.8878,,,86.3399,29.4164,29.4164,,37.9982,36.4137,0.1435,2.8269,1.4152,63.5961,7.6899,8.3508,5.2249,7.6899,4.4925,0.3673,0.3433,10161.0,8773.0,2989.0,3271.0,3700.0,0.34,10906.0,70815.0,37751.0,,22700.0,48115.0
2005-03-31,MSFT,9620.0,1363.0,8257.0,1482.0,3446.0,,6291.0,3329.0,496.0,3825.0,1262.0,2563.0,,2563.0,,2563.0,3611.0,3329.0,10856.0,10931.0,0.24,0.23,37594.0,5610.0,340.0,,1269.0,46593.0,2321.0,11772.0,3579.0,1296.0,19682.0,66275.0,16139.0,,1097.0,2763.0,18902.0,58829.0,-11456.0,,,47373.0,66275.0,8554.0,573.0,45.0,618.0,464.0,0.0,0.0,1080.0,1544.0,12629.0,-552.0,0.0,-12.0,0.0,14732.0,14732.0,0.0,14168.0,0.0,0.0,0.0,-2115.0,-2115.0,-35253.0,0.0,-37368.0,-10522.0,1913.0,-35253.0,2.887,,,85.8316,34.605,34.605,,39.7609,26.6424,0.1452,4.0088,1.7148,52.4844,5.4103,5.8524,3.8672,5.4103,4.3848,1.1553,1.1048,9620.0,8257.0,3329.0,3611.0,2563.0,0.23,10931.0,66275.0,37594.0,,18902.0,47373.0
2021-07-31,NVDA,6507.0,2292.0,4215.0,1245.0,526.0,,4063.0,2444.0,-50.0,2394.0,20.0,2374.0,,2374.0,,2374.0,2730.0,2444.0,2493.0,2532.0,0.95,0.94,19654.0,3586.0,2114.0,452.0,,25806.0,2364.0,,6671.0,2050.0,12844.0,38650.0,4448.0,10943.0,1396.0,13055.0,17503.0,3.0,22995.0,8.0,,21147.0,38650.0,2373.0,286.0,299.0,585.0,-562.0,-123.0,209.0,67.0,-276.0,2682.0,-183.0,0.0,0.0,-2355.0,0.0,-2355.0,5.0,-2533.0,4985.0,0.0,4985.0,0.0,0.0,-99.0,-385.0,4501.0,4650.0,465.0,-99.0,5.8017,0.341,0.5648,64.7764,37.5596,37.5596,,36.7912,36.4838,0.1684,1.0842,1.8146,49.5989,11.2262,16.3996,6.1423,7.3979,8.4724,1.0581,0.986,6507.0,4215.0,2444.0,2730.0,2374.0,0.94,2532.0,38650.0,19654.0,10943.0,17503.0,21147.0
2021-04-30,NVDA,5661.0,2032.0,3629.0,1153.0,520.0,,3705.0,1956.0,88.0,2044.0,132.0,1912.0,,1912.0,,1912.0,2237.0,1956.0,2484.0,2528.0,0.77,0.7575,12667.0,3024.0,1992.0,444.0,,18127.0,2268.0,,6806.0,2090.0,12669.0,30796.0,4004.0,5964.0,1414.0,8018.0,12022.0,1.0,20721.0,14.0,,18774.0,30796.0,1912.0,281.0,317.0,598.0,-595.0,-159.0,70.0,49.0,-636.0,1874.0,-298.0,,,-972.0,,-972.0,-2.0,-1272.0,,,,,,-99.0,-372.0,-471.0,131.0,429.0,-99.0,4.5272,0.2411,0.3709,64.1053,34.5522,34.5522,,36.1067,33.775,0.1838,1.0201,1.872,48.0763,10.1843,15.9759,6.2086,7.729,7.5337,0.7413,0.6234,5661.0,3629.0,1956.0,2237.0,1912.0,0.76,2528.0,30796.0,12667.0,5964.0,12022.0,18774.0
2021-01-31,NVDA,5003.0,1846.0,3157.0,1145.0,505.0,,3496.0,1507.0,-36.0,1471.0,14.0,1457.0,,1457.0,,1457.0,1795.0,1507.0,2468.0,2512.0,0.5925,0.5775,11561.0,2429.0,1826.0,239.0,,16055.0,2149.0,,6930.0,2144.0,12736.0,28791.0,3925.0,5964.0,1375.0,7973.0,11898.0,3.0,18908.0,19.0,,16893.0,28791.0,1457.0,288.0,233.0,521.0,117.0,-334.0,74.0,104.0,89.0,2067.0,-283.0,0.0,0.0,-2816.0,0.0,-2816.0,-30.0,-3129.0,-3.0,0.0,-3.0,0.0,0.0,-99.0,-240.0,-342.0,-1404.0,416.0,-99.0,4.0904,0.2609,0.4122,63.1021,30.1219,30.1219,,29.4024,29.1225,0.1738,1.011,2.0597,43.6958,8.6249,14.6241,5.0606,6.3744,6.8144,0.8276,0.7138,5003.0,3157.0,1507.0,1795.0,1457.0,0.58,2512.0,28791.0,11561.0,5964.0,11898.0,16893.0
2020-10-31,NVDA,4726.0,1766.0,2960.0,1047.0,515.0,,3328.0,1398.0,-50.0,1348.0,12.0,1336.0,,1336.0,,1336.0,1697.0,1398.0,2472.0,2520.0,0.54,0.53,10139.0,2546.0,1495.0,213.0,,14393.0,2059.0,,7054.0,2028.0,12488.0,26881.0,3669.0,5963.0,1311.0,7878.0,11547.0,1.0,17550.0,12.0,,15334.0,26881.0,1336.0,299.0,333.0,632.0,-462.0,-93.0,226.0,-390.0,-689.0,1279.0,-473.0,0.0,-1353.0,-178.0,0.0,-178.0,3.0,-2001.0,0.0,0.0,0.0,0.0,0.0,-99.0,-202.0,-301.0,-1023.0,383.0,-99.0,3.9229,0.28,0.454,62.6322,29.581,29.581,,28.5231,28.2692,0.1758,1.1813,1.8562,48.485,8.7127,16.1353,4.9701,6.2732,6.1931,0.5013000000000001,0.3145,4726.0,2960.0,1398.0,1697.0,1336.0,0.53,2520.0,26881.0,10139.0,5963.0,11547.0,15334.0
2020-07-31,NVDA,3866.0,1591.0,2275.0,997.0,627.0,,3215.0,651.0,-42.0,609.0,-13.0,622.0,,622.0,,622.0,1055.0,651.0,2464.0,2504.0,0.25,0.25,10981.0,2084.0,1401.0,215.0,,14681.0,1964.0,,7047.0,157.0,10499.0,25180.0,2410.0,6960.0,1285.0,8856.0,11266.0,1.0,16313.0,4.0,,13914.0,25180.0,622.0,404.0,285.0,689.0,44.0,54.0,-8.0,53.0,256.0,1567.0,-217.0,0.0,-7137.0,-6135.0,0.0,-6135.0,-1.0,-13490.0,-8.0,0.0,-8.0,0.0,0.0,-99.0,-190.0,-297.0,-12220.0,374.0,-99.0,6.0917,0.3334,0.5002,58.8464,16.8391,16.8391,,15.7527,16.089,0.1535,1.1356,1.8551,48.5153,4.4703,9.0578,2.4702,2.9798,5.6378,0.6234000000000001,0.5372,3866.0,2275.0,651.0,1055.0,622.0,0.25,2504.0,25180.0,10981.0,6960.0,11266.0,13914.0
2020-04-30,NVDA,3080.0,1076.0,2004.0,735.0,293.0,,2104.0,976.0,5.0,981.0,64.0,917.0,,917.0,,917.0,1083.0,976.0,2456.0,2488.0,0.3725,0.3675,16354.0,1907.0,1128.0,195.0,,19584.0,1715.0,,708.0,119.0,3670.0,23254.0,1903.0,6959.0,774.0,8252.0,10155.0,1.0,15790.0,-10.0,,13099.0,23254.0,917.0,107.0,244.0,351.0,-249.0,-151.0,71.0,2.0,-359.0,909.0,-155.0,,-34.0,-860.0,,-860.0,-6.0,-1055.0,4979.0,,4979.0,,,-98.0,-137.0,4744.0,4598.0,224.0,-98.0,10.2911,0.3469,0.5313,65.0649,31.6883,31.6883,,31.8507,29.7727,0.1325,0.9539,1.6151,55.724,7.0005,7.4005,3.9434,4.5717,5.3248,0.3654,0.3031,3080.0,2004.0,976.0,1083.0,917.0,0.37,2488.0,23254.0,16354.0,6959.0,10155.0,13099.0
2020-01-31,NVDA,3105.0,1090.0,2015.0,739.0,286.0,,2115.0,990.0,26.0,1016.0,65.0,951.0,,951.0,,951.0,1096.0,990.0,2436.0,2472.0,0.39,0.3825,10897.0,1657.0,979.0,157.0,,13690.0,1674.0,,667.0,118.0,3625.0,17315.0,1784.0,1991.0,775.0,3327.0,5111.0,1.0,14971.0,1.0,,12204.0,17315.0,951.0,106.0,243.0,349.0,-201.0,66.0,103.0,40.0,165.0,1465.0,-145.0,0.0,-4.0,2.0,0.0,2.0,-4.0,-151.0,0.0,0.0,0.0,0.0,0.0,-98.0,-85.0,-183.0,1131.0,220.0,-98.0,7.6738,0.1403,0.1631,64.8953,31.8841,31.8841,,32.7214,30.628,0.1793,1.1134,1.8739,48.029,7.7925,8.243,5.4923,6.6995,4.9853,0.5927,0.534,3105.0,2015.0,990.0,1096.0,951.0,0.38,2472.0,17315.0,10897.0,1991.0,5111.0,12204.0
2019-10-31,NVDA,3014.0,1098.0,1916.0,712.0,277.0,,2087.0,927.0,32.0,959.0,60.0,899.0,,899.0,,899.0,1019.0,927.0,2440.0,2472.0,0.3675,0.3625,9769.0,1455.0,1047.0,149.0,,12420.0,1517.0,,661.0,116.0,3390.0,15810.0,1475.0,1990.0,662.0,3121.0,4596.0,1.0,14118.0,-3.0,,11214.0,15810.0,898.0,92.0,249.0,341.0,105.0,153.0,136.0,29.0,401.0,1640.0,-103.0,0.0,0.0,1363.0,0.0,1363.0,-4.0,1256.0,0.0,0.0,0.0,0.0,0.0,-97.0,-139.0,-236.0,2660.0,223.0,-97.0,8.4203,0.1507,0.1775,63.57,30.7565,30.7565,,31.8182,29.8275,0.1906,1.0487,2.0715,43.4473,8.0168,8.5189,5.6863,6.8085,4.5809,0.6612,0.6199,3014.0,1916.0,927.0,1019.0,899.0,0.36,2472.0,15810.0,9769.0,1990.0,4596.0,11214.0
2019-07-31,NVDA,2579.0,1038.0,1541.0,704.0,266.0,,2008.0,571.0,35.0,606.0,54.0,552.0,,552.0,,552.0,663.0,571.0,2436.0,2464.0,0.2275,0.225,8475.0,1561.0,1204.0,151.0,,11391.0,1484.0,,667.0,110.0,3384.0,14775.0,1317.0,1989.0,650.0,3122.0,4439.0,1.0,13317.0,-1.0,,10336.0,14775.0,553.0,92.0,241.0,333.0,-319.0,225.0,78.0,31.0,50.0,936.0,-113.0,0.0,0.0,3660.0,0.0,3660.0,-2.0,3545.0,0.0,0.0,0.0,0.0,0.0,-98.0,-50.0,-148.0,4333.0,223.0,-98.0,8.6492,0.1614,0.1924,59.7519,22.1404,22.1404,,23.4975,21.4036,0.1746,0.8621,1.6521,54.4746,5.3406,5.709,3.736,4.4787,4.243,0.3799,0.334,2579.0,1541.0,571.0,663.0,552.0,0.23,2464.0,14775.0,8475.0,1989.0,4439.0,10336.0
2019-04-30,NVDA,2220.0,924.0,1296.0,674.0,264.0,,1862.0,358.0,31.0,389.0,-5.0,394.0,,394.0,,394.0,449.0,358.0,2428.0,2464.0,0.1625,0.16,7802.0,1242.0,1426.0,159.0,,10629.0,1473.0,,672.0,110.0,3392.0,14021.0,1183.0,1988.0,660.0,3134.0,4317.0,1.0,12862.0,-2.0,,9704.0,14021.0,394.0,91.0,134.0,225.0,182.0,153.0,-123.0,5.0,101.0,720.0,-128.0,,,1623.0,,1623.0,,1495.0,,,,,,-97.0,-128.0,-225.0,1990.0,178.0,-97.0,8.9848,0.17,0.2049,58.3784,16.1261,16.1261,,17.5225,17.7478,0.1583,0.648,1.7874,50.3514,4.0602,4.3623,2.8101,3.3698,3.9836,0.2922,0.2403,2220.0,1296.0,358.0,449.0,394.0,0.16,2464.0,14021.0,7802.0,1988.0,4317.0,9704.0
2019-01-31,NVDA,2205.0,998.0,1207.0,648.0,265.0,,1911.0,294.0,30.0,324.0,-242.0,566.0,,566.0,,566.0,372.0,294.0,2432.0,2500.0,0.2325,0.23,7422.0,1424.0,1575.0,136.0,,10557.0,1404.0,,663.0,108.0,2735.0,13292.0,1329.0,1988.0,633.0,2621.0,3950.0,1.0,12565.0,-12.0,,9342.0,13292.0,566.0,78.0,-198.0,-120.0,794.0,-156.0,-359.0,15.0,452.0,898.0,-203.0,0.0,0.0,252.0,0.0,252.0,-9.0,40.0,0.0,-4.0,-4.0,-724.0,-724.0,-98.0,-51.0,-877.0,61.0,157.0,-98.0,7.9436,0.1755,0.2128,54.7392,13.3333,13.3333,,14.6939,25.6689,0.1659,0.6337,1.5485,58.1225,6.0587,6.5215,4.2582,4.9956,3.854,0.3592,0.278,2205.0,1207.0,294.0,372.0,566.0,0.23,2500.0,13292.0,7422.0,1988.0,3950.0,9342.0
2018-10-31,NVDA,3181.0,1260.0,1921.0,605.0,258.0,,2123.0,1058.0,23.0,1081.0,-149.0,1230.0,,1230.0,,1230.0,1126.0,1058.0,2436.0,2500.0,0.505,0.4925,7591.0,2219.0,1417.0,159.0,,11386.0,1292.0,,667.0,312.0,2271.0,13657.0,1608.0,1987.0,587.0,2574.0,4182.0,1.0,12096.0,-24.0,,9475.0,13657.0,1230.0,68.0,42.0,110.0,-557.0,-325.0,52.0,-24.0,-853.0,487.0,-150.0,0.0,0.0,369.0,0.0,369.0,0.0,219.0,0.0,-10.0,-10.0,-200.0,-200.0,-91.0,-402.0,-703.0,3.0,138.0,-91.0,7.0808,0.1734,0.21,60.3898,33.26,33.26,,33.983,38.6671,0.2329,0.8892,1.4335,62.7821,12.9815,13.9646,9.0064,10.7311,3.8832,0.1963,0.1361,3181.0,1921.0,1058.0,1126.0,1230.0,0.49,2500.0,13657.0,7591.0,1987.0,4182.0,9475.0
2018-07-31,NVDA,3123.0,1148.0,1975.0,581.0,237.0,,1966.0,1157.0,23.0,1180.0,79.0,1101.0,,1101.0,,1101.0,1216.0,1157.0,2428.0,2504.0,0.4525,0.44,7943.0,1662.0,1090.0,136.0,,10831.0,1162.0,,669.0,220.0,2051.0,12882.0,1462.0,1987.0,638.0,2625.0,4087.0,1.0,10957.0,-23.0,,8795.0,12882.0,1101.0,59.0,181.0,240.0,-442.0,-293.0,150.0,-6.0,-428.0,913.0,-129.0,0.0,0.0,-676.0,0.0,-676.0,0.0,-805.0,0.0,0.0,0.0,0.0,0.0,-91.0,-64.0,-155.0,-47.0,133.0,-91.0,7.4083,0.1843,0.2275,63.2405,37.0477,37.0477,,37.7842,35.2546,0.2424,1.0532,1.8791,47.8963,12.5185,13.5491,8.5468,10.2115,3.6164,0.3655,0.314,3123.0,1975.0,1157.0,1216.0,1101.0,0.44,2504.0,12882.0,7943.0,1987.0,4087.0,8795.0
2018-04-30,NVDA,3207.0,1139.0,2068.0,542.0,231.0,,1912.0,1295.0,16.0,1311.0,67.0,1244.0,,1244.0,,1244.0,1352.0,1295.0,2424.0,2508.0,0.5125,0.495,7300.0,1220.0,797.0,131.0,,9448.0,1066.0,,673.0,273.0,2012.0,11460.0,1106.0,1986.0,651.0,2637.0,3743.0,1.0,9948.0,-23.0,,7717.0,11460.0,1244.0,57.0,172.0,229.0,56.0,-2.0,22.0,-38.0,-28.0,1445.0,-118.0,,,-3433.0,,-3433.0,,-3551.0,,-2.0,-2.0,-655.0,-655.0,-91.0,-383.0,-1131.0,-3237.0,129.0,-91.0,8.5425,0.2047,0.2592,64.4839,40.3804,40.3804,,40.8793,38.7902,0.2798,1.4291,2.6287,34.2376,16.1203,17.6604,10.8552,12.8208,3.1783,0.5762,0.5291,3207.0,2068.0,1295.0,1352.0,1244.0,0.5,2508.0,11460.0,7300.0,1986.0,3743.0,7717.0
2018-01-31,NVDA,2911.0,1110.0,1801.0,508.0,220.0,,1838.0,1073.0,7.0,1080.0,-39.0,1119.0,,1119.0,,1119.0,1127.0,1073.0,2396.0,2528.0,0.465,0.445,7108.0,1265.0,796.0,86.0,,9255.0,997.0,,670.0,319.0,1986.0,11241.0,1153.0,1985.0,632.0,2617.0,3770.0,1.0,8787.0,-18.0,,7471.0,11241.0,1119.0,54.0,-386.0,-332.0,-98.0,61.0,63.0,47.0,571.0,1358.0,-414.0,0.0,0.0,390.0,0.0,390.0,0.0,-24.0,0.0,-9.0,-9.0,0.0,0.0,-91.0,-34.0,-134.0,1200.0,126.0,-91.0,8.0269,0.2099,0.2677,61.8688,36.8602,36.8602,,37.1007,38.4404,0.259,1.3945,2.3012,39.1103,14.9779,16.4535,9.9546,11.8338,3.0821,0.5318,0.3685,2911.0,1801.0,1073.0,1127.0,1119.0,0.45,2528.0,11241.0,7108.0,1985.0,3770.0,7471.0
2017-10-31,NVDA,2636.0,1067.0,1569.0,462.0,212.0,,1741.0,895.0,1.0,896.0,58.0,838.0,,838.0,,838.0,944.0,895.0,2412.0,2512.0,0.3475,0.3325,6320.0,1167.0,857.0,135.0,,8479.0,600.0,,681.0,70.0,1351.0,9830.0,1027.0,1987.0,464.0,2451.0,3478.0,1.0,7760.0,-14.0,,6352.0,9830.0,837.0,49.0,156.0,205.0,45.0,0.0,90.0,-11.0,115.0,1157.0,-69.0,0.0,0.0,355.0,0.0,355.0,0.0,286.0,0.0,-62.0,-62.0,-151.0,-151.0,-84.0,-332.0,-629.0,814.0,107.0,-84.0,8.2561,0.2383,0.3164,59.522,33.953,33.953,,33.9909,31.7906,0.2682,1.245,2.2588,39.8445,13.1927,14.7769,8.5249,10.0492,2.6205,0.4637,0.4358,2636.0,1569.0,895.0,944.0,838.0,0.33,2512.0,9830.0,6320.0,1987.0,3478.0,6352.0
2017-07-31,NVDA,2230.0,928.0,1302.0,416.0,198.0,,1542.0,688.0,-4.0,684.0,101.0,583.0,,583.0,,583.0,737.0,688.0,2388.0,2532.0,0.245,0.23,5877.0,1213.0,855.0,125.0,,8070.0,578.0,,694.0,60.0,1332.0,9402.0,1032.0,1989.0,408.0,2397.0,3429.0,1.0,7006.0,-12.0,,5973.0,9402.0,584.0,49.0,182.0,231.0,-237.0,-34.0,70.0,-13.0,-110.0,705.0,-54.0,0.0,0.0,316.0,0.0,316.0,0.0,262.0,605.0,-741.0,-136.0,-823.0,-823.0,-84.0,75.0,-968.0,-1.0,82.0,-84.0,7.8198,0.2498,0.3471,58.3857,30.852,30.852,,30.6727,26.1435,0.2372,1.0854,1.8384,48.9552,9.7606,11.0438,6.2008,7.3223,2.4888,0.2798,0.25830000000000003,2230.0,1302.0,688.0,737.0,583.0,0.23,2532.0,9402.0,5877.0,1989.0,3429.0,5973.0
2017-04-30,NVDA,1937.0,787.0,1150.0,411.0,185.0,,1383.0,554.0,-18.0,536.0,29.0,507.0,,507.0,,507.0,601.0,554.0,2368.0,2564.0,0.215,0.1975,6206.0,976.0,821.0,113.0,,8116.0,539.0,,708.0,47.0,1294.0,9410.0,983.0,1995.0,300.0,2295.0,3278.0,1.0,6506.0,-14.0,,6132.0,9410.0,507.0,47.0,119.0,166.0,-150.0,-27.0,-133.0,-2.0,-391.0,282.0,-54.0,,,808.0,,808.0,,754.0,-605.0,,-605.0,65.0,65.0,-82.0,-191.0,-813.0,223.0,76.0,-82.0,8.2564,0.2455,0.3604,59.3702,28.6009,28.6009,,27.6717,26.1745,0.2058,0.9586,1.9846,45.3485,8.2681,9.3473,5.3879,6.2385,2.5765,0.11,0.0889,1937.0,1150.0,554.0,601.0,507.0,0.2,2564.0,9410.0,6206.0,1995.0,3278.0,6132.0
2017-01-31,NVDA,2173.0,870.0,1303.0,394.0,176.0,,1440.0,733.0,-7.0,726.0,71.0,655.0,,655.0,,655.0,760.0,733.0,2164.0,2596.0,0.2975,0.245,6798.0,826.0,794.0,118.0,,8536.0,521.0,,722.0,62.0,1305.0,9841.0,1788.0,2014.0,277.0,2291.0,4079.0,1.0,6108.0,-16.0,,5762.0,9841.0,654.0,27.0,155.0,182.0,7.0,-114.0,-34.0,10.0,-115.0,721.0,-50.0,0.0,0.0,-323.0,0.0,-323.0,0.0,-373.0,444.0,-673.0,-229.0,-230.0,-230.0,-76.0,13.0,-522.0,-174.0,71.0,-76.0,4.774,0.259,0.4877,59.9632,33.7322,33.7322,,33.41,30.1427,0.2208,1.0957,2.6308,34.2108,11.3676,12.996,6.6558,8.4234,2.4624,0.28,0.2605,2173.0,1303.0,733.0,760.0,655.0,0.25,2596.0,9841.0,6798.0,2014.0,4079.0,5762.0
2016-10-31,NVDA,2004.0,821.0,1183.0,373.0,171.0,,1365.0,639.0,-18.0,621.0,79.0,542.0,,542.0,,542.0,693.0,639.0,2152.0,2612.0,0.2525,0.2075,6671.0,833.0,679.0,124.0,,8307.0,503.0,,738.0,64.0,1305.0,9612.0,2041.0,2034.0,213.0,2247.0,4288.0,1.0,5529.0,-4.0,,5324.0,9612.0,543.0,54.0,151.0,205.0,-190.0,-157.0,87.0,-11.0,-316.0,432.0,-38.0,0.0,0.0,-289.0,0.0,-289.0,0.0,-327.0,1544.0,0.0,1544.0,0.0,0.0,-61.0,-74.0,1409.0,1514.0,65.0,-61.0,4.0701,0.2764,0.5719,59.0319,31.8862,31.8862,,30.988,27.0459,0.2085,1.2091,2.4058,37.4102,10.1803,11.8186,5.6388,7.3661,2.4694,0.15940000000000001,0.1458,2004.0,1183.0,639.0,693.0,542.0,0.21,2612.0,9612.0,6671.0,2034.0,4288.0,5324.0
2016-07-31,NVDA,1428.0,602.0,826.0,350.0,157.0,,1111.0,317.0,,317.0,56.0,261.0,,261.0,,261.0,370.0,317.0,2136.0,2536.0,0.1225,0.1025,4879.0,644.0,521.0,112.0,,6156.0,485.0,,756.0,64.0,1305.0,7461.0,2407.0,80.0,494.0,574.0,2981.0,1.0,4675.0,4.0,,4480.0,7461.0,261.0,53.0,116.0,169.0,-121.0,-127.0,99.0,1.0,-230.0,200.0,-26.0,0.0,0.0,-247.0,0.0,-247.0,4.0,-269.0,0.0,0.0,0.0,-9.0,-9.0,-62.0,19.0,-52.0,-121.0,58.0,-62.0,2.5575,0.0175,0.3366,57.8431,22.1989,22.1989,,22.1989,18.2773,0.1914,1.1555,2.2174,40.5882,5.8259,7.0086,3.4982,5.7237,2.0935,0.0716,0.0625,1428.0,826.0,317.0,370.0,261.0,0.1,2536.0,7461.0,4879.0,80.0,2981.0,4480.0
2016-04-30,NVDA,1305.0,554.0,751.0,346.0,159.0,,1060.0,245.0,-4.0,241.0,33.0,208.0,,208.0,,208.0,298.0,245.0,2148.0,2396.0,0.0975,0.0875,4754.0,523.0,394.0,119.0,,5790.0,479.0,,773.0,66.0,1318.0,7108.0,2377.0,88.0,447.0,535.0,2912.0,1.0,4484.0,1.0,,4196.0,7108.0,208.0,53.0,76.0,129.0,-17.0,23.0,32.0,-18.0,-18.0,319.0,-55.0,,,235.0,,235.0,-4.0,176.0,,,,-500.0,-500.0,-62.0,18.0,-544.0,-49.0,53.0,-62.0,2.4358,0.0205,0.3596,57.5479,18.774,18.774,,18.4674,15.9387,0.1836,1.4061,2.4952,36.069,4.9571,6.0765,2.9263,4.8553,1.9644,0.1331,0.1102,1305.0,751.0,245.0,298.0,208.0,0.09,2396.0,7108.0,4754.0,88.0,2912.0,4196.0
2016-01-31,NVDA,1401.0,611.0,790.0,343.0,163.0,,1151.0,250.0,4.0,254.0,46.0,208.0,,208.0,,208.0,303.0,250.0,2172.0,2276.0,0.0975,0.0875,5037.0,505.0,418.0,93.0,,6053.0,466.0,,784.0,67.0,1317.0,7370.0,2351.0,97.0,453.0,550.0,2901.0,1.0,4350.0,-4.0,,4469.0,7370.0,208.0,53.0,93.0,146.0,31.0,7.0,-18.0,9.0,157.0,511.0,-15.0,0.0,0.0,-199.0,0.0,-199.0,1.0,-213.0,3.0,0.0,3.0,-234.0,-234.0,-61.0,119.0,-173.0,125.0,59.0,-61.0,2.5746,0.0212,0.3379,56.3883,17.8444,17.8444,,18.1299,14.8465,0.1901,1.4617,2.7743,32.4411,4.6543,5.6445,2.8223,4.5554,2.0728,0.2225,0.216,1401.0,790.0,250.0,303.0,208.0,0.09,2276.0,7370.0,5037.0,97.0,2901.0,4469.0
2015-10-31,NVDA,1305.0,571.0,734.0,329.0,152.0,,1060.0,245.0,,245.0,-1.0,246.0,,246.0,,246.0,301.0,245.0,2168.0,2260.0,0.1125,0.11,4728.0,536.0,425.0,93.0,,5834.0,477.0,,790.0,73.0,1340.0,7174.0,855.0,1417.0,437.0,1854.0,2709.0,1.0,4204.0,2.0,,4465.0,7174.0,246.0,56.0,101.0,157.0,-22.0,17.0,20.0,-12.0,-148.0,255.0,-12.0,0.0,0.0,-187.0,0.0,-187.0,0.0,-199.0,-1.0,0.0,-1.0,35.0,35.0,-53.0,-1.0,-20.0,36.0,52.0,-53.0,6.8234,0.2409,0.3174,56.2452,18.774,18.774,,18.774,18.8506,0.1819,1.3435,2.4347,36.9655,5.5095,6.6939,3.429,4.1823,2.0748,0.10990000000000001,0.105,1305.0,734.0,245.0,301.0,246.0,0.11,2260.0,7174.0,4728.0,1417.0,2709.0,4465.0
2015-07-31,NVDA,1153.0,519.0,634.0,320.0,149.0,,1077.0,76.0,-4.0,72.0,46.0,26.0,,26.0,,26.0,132.0,76.0,2164.0,2224.0,0.0125,0.0125,4505.0,514.0,441.0,89.0,,5608.0,497.0,,808.0,66.0,1371.0,6979.0,936.0,1411.0,447.0,1858.0,2794.0,1.0,4010.0,1.0,,4185.0,6979.0,26.0,56.0,121.0,177.0,-59.0,-3.0,54.0,4.0,-40.0,163.0,-22.0,0.0,0.0,245.0,0.0,245.0,24.0,247.0,-1.0,0.0,-1.0,-385.0,-385.0,-53.0,0.0,-439.0,-29.0,48.0,-53.0,5.9915,0.2521,0.3372,54.987,6.5915,6.5915,,6.2446,2.255,0.1652,1.1769,2.2432,40.1214,0.6213,0.7699,0.3725,0.4646,1.9411,0.0756,0.0654,1153.0,634.0,76.0,132.0,26.0,0.01,2224.0,6979.0,4505.0,1411.0,2794.0,4185.0
2015-04-30,NVDA,1151.0,498.0,653.0,339.0,138.0,,975.0,176.0,-4.0,172.0,38.0,134.0,,134.0,,134.0,237.0,176.0,2196.0,2272.0,0.06,0.06,4792.0,455.0,438.0,89.0,,5832.0,547.0,,823.0,89.0,1459.0,7291.0,883.0,1404.0,448.0,1852.0,2735.0,1.0,4037.0,8.0,,4556.0,7291.0,134.0,61.0,71.0,132.0,18.0,45.0,-67.0,-17.0,-20.0,246.0,-30.0,,,-204.0,,-204.0,-1.0,-235.0,-1.0,,-1.0,-3.0,-3.0,-46.0,6.0,-44.0,-33.0,45.0,-46.0,6.6048,0.2356,0.3082,56.7333,15.2911,15.2911,,14.9435,11.6421,0.1579,1.137,2.5297,35.5778,2.9412,3.5896,1.8379,2.2483,2.1171,0.1083,0.0951,1151.0,653.0,176.0,237.0,134.0,0.06,2272.0,7291.0,4792.0,1404.0,2735.0,4556.0
2015-01-31,NVDA,1251.0,551.0,700.0,349.0,119.0,,1019.0,232.0,-4.0,228.0,35.0,193.0,,193.0,,193.0,293.0,232.0,2208.0,2252.0,0.0875,0.0875,4623.0,474.0,483.0,70.0,,5713.0,557.0,,840.0,91.0,1488.0,7201.0,896.0,1398.0,489.0,1887.0,2783.0,1.0,3949.0,8.0,,4418.0,7201.0,194.0,61.0,64.0,125.0,89.0,-75.0,-37.0,-1.0,124.0,443.0,-31.0,0.0,0.0,-287.0,0.0,-287.0,0.0,-318.0,2.0,0.0,2.0,21.0,21.0,-46.0,0.0,-23.0,102.0,43.0,-46.0,6.3761,0.2404,0.3164,55.9552,18.5452,18.5452,,18.2254,15.4277,0.1737,1.1408,2.6392,34.1007,4.3685,5.3941,2.6802,3.3184,2.0266,0.19490000000000002,0.1814,1251.0,700.0,232.0,293.0,193.0,0.09,2252.0,7201.0,4623.0,1398.0,2783.0,4418.0
2014-10-31,NVDA,1225.0,549.0,676.0,340.0,123.0,,1012.0,213.0,-4.0,209.0,36.0,173.0,,173.0,,173.0,275.0,213.0,2192.0,2232.0,0.08,0.0775,4240.797,563.4,408.081,67.333,,5341.109,566.601,,884.48,93.679,1544.76,6885.869,933.907,1392.236,355.133,1747.369,2681.276,0.752,3801.966,9.761,,4204.593,6885.869,172.0,62.0,61.0,123.0,-92.0,-21.0,74.0,2.0,-79.0,216.0,-39.0,0.0,0.0,25.0,0.0,25.0,-1.0,-15.0,-1.0,0.0,-1.0,-279.0,-279.0,-46.0,5.0,-321.0,-120.0,41.0,-46.0,5.7191,0.2488,0.3311,55.1837,17.3878,17.3878,,17.0612,14.1225,0.1779,1.3453,2.1743,41.3927,4.1145,5.2107,2.5124,3.091,1.9339,0.0993,0.0815,1225.0,676.0,213.0,275.0,173.0,0.08,2232.0,6886.0,4241.0,1392.0,2681.0,4205.0
2014-07-31,NVDA,1103.0,484.0,619.0,337.0,119.0,,940.0,163.0,-8.0,155.0,27.0,128.0,,128.0,,128.0,226.0,163.0,2232.0,2284.0,0.0575,0.055,4386.054,469.625,387.434,67.776,,5377.586,556.911,,903.792,95.43,1556.133,6933.719,868.729,1386.091,374.113,1760.204,2628.933,0.744,3675.071,4.378,,4304.786,6933.719,128.0,63.0,61.0,124.0,-74.0,7.0,-49.0,4.0,-156.0,96.0,-23.0,0.0,0.0,-41.0,0.0,-41.0,0.0,-64.0,0.0,0.0,0.0,18.0,18.0,-47.0,3.0,-26.0,6.0,38.0,-47.0,6.1902,0.2436,0.322,56.1197,14.7779,14.7779,,14.0526,11.6047,0.1591,1.2492,2.3487,38.3194,2.9734,3.7636,1.8461,2.2492,1.9859,0.0419,0.031900000000000005,1103.0,619.0,163.0,226.0,128.0,0.06,2284.0,6934.0,4386.0,1386.0,2629.0,4305.0
2014-04-30,NVDA,1103.0,499.0,604.0,334.0,119.0,,952.0,151.0,12.0,163.0,26.0,137.0,,137.0,,137.0,213.0,151.0,2236.0,2280.0,0.06,0.06,4347.817,396.438,393.28,71.067,,5273.798,570.802,,920.709,99.354,1590.865,6864.663,897.945,1379.959,419.774,1799.733,2697.678,0.743,3594.527,6.364,,4166.985,6864.663,137.0,62.0,44.0,106.0,28.0,-6.0,-15.0,-1.0,-92.0,151.0,-8.0,,,-322.0,,-322.0,,-330.0,-1.0,,-1.0,-420.0,-420.0,-47.0,4.0,-464.0,-643.0,36.0,-47.0,5.8732,0.2488,0.3312,54.7598,13.6899,13.6899,,14.7779,12.4207,0.1607,1.2688,2.7823,32.3476,3.2877,4.2202,1.9957,2.4698,1.867,0.0662,0.0627,1103.0,604.0,151.0,213.0,137.0,0.06,2280.0,6865.0,4348.0,1380.0,2698.0,4167.0
2014-01-31,NVDA,1144.056,524.577,619.4789,336.807,115.975,,977.359,166.6969,1.937,168.634,21.707,146.927,,146.927,,146.927,226.3869,166.697,2352.0,2380.0,0.065,0.0625,4671.81,426.357,387.765,70.285,,5624.711,582.74,,939.191,104.252,1626.183,7250.894,945.496,1373.875,475.125,1849.0,2794.496,0.732,3504.742,4.877,,4456.398,7250.894,146.927,59.69,42.427,102.117,21.194,-7.178,18.376,186.426,151.522,400.566,-41.188,0.0,0.145,-1056.066,0.0,-1056.066,-2.55,-1099.659,1310.78,0.0,1310.78,26.251,26.251,-47.993,-0.243,1288.795,589.702,35.909,-47.993,5.949,0.2356,0.3083,54.1476,14.5707,14.5707,,14.74,12.8426,0.1578,1.3528,2.6833,33.5404,3.297,4.1774,2.0263,2.5201,1.9615,0.1663,0.1499,1144.0,619.0,167.0,226.0,147.0,0.06,2380.0,7251.0,4672.0,1374.0,2794.0,4456.0
2013-10-31,NVDA,1053.967,469.552,584.415,340.294,103.133,,912.979,140.988,0.496,141.484,22.75,118.734,,118.734,,118.734,203.714,140.988,2323.48,2355.008,0.05,0.05,3032.954,447.631,380.319,81.701,,4049.841,595.418,,963.768,102.346,1661.532,5711.373,985.927,17.015,387.784,404.799,1390.726,0.732,3406.154,5.862,,4320.647,5711.373,118.734,62.726,38.885,101.611,-29.465,-2.544,-1.924,-173.915,-58.03,162.315,-38.159,0.0,-17.145,-131.069,0.0,-131.069,-1.0,-187.373,-0.611,0.0,-0.611,33.446,33.446,-43.397,6.383,-4.179,-29.237,34.299,-43.397,4.1076,0.0039,0.0039,55.4491,13.3769,13.3769,,13.424,11.2654,0.1845,1.2346,2.3545,38.224,2.7481,3.537,2.0789,2.7373,1.8999,0.06960000000000001,0.053,1054.0,584.0,141.0,204.0,119.0,0.05,2355.0,5711.0,3033.0,17.0,1391.0,4321.0
2013-07-31,NVDA,977.238,431.7,545.538,331.738,108.266,,871.704,105.534,6.286,111.82,15.372,96.448,,96.448,,96.448,167.374,105.534,2341.38,2368.024,0.04,0.04,2935.893,418.123,378.28,81.876,,3922.608,578.948,,963.55,104.486,1646.984,5569.592,935.791,17.685,443.943,461.628,1397.419,0.726,3330.815,5.897,,4172.173,5569.592,96.448,61.84,31.486,93.326,-71.205,-6.788,16.649,-9.684,-93.305,96.469,-84.986,0.0,0.0,796.804,0.0,796.804,0.0,711.818,-0.593,0.0,-0.593,-741.693,-741.693,-43.343,7.24,-778.389,29.898,32.395,-43.343,4.1918,0.0042,0.0042,55.8245,10.7992,10.7992,,11.4425,9.8694,0.1755,1.1412,2.3372,38.5076,2.3117,3.0059,1.7317,2.3019,1.8027,0.044,0.006900000000000001,977.0,546.0,106.0,167.0,96.0,0.04,2368.0,5570.0,2936.0,18.0,1397.0,4172.0
2013-04-30,NVDA,954.739,436.171,518.568,327.161,108.626,,871.958,82.781,5.281,88.062,10.171,77.891,,77.891,,77.891,142.525,82.781,2467.488,2477.208,0.0325,0.0325,3713.351,346.998,377.597,62.334,,4606.616,588.023,,977.7631,107.125,1672.911,6279.527,925.577,18.333,510.681,529.014,1454.591,0.725,3277.713,10.293,,4824.936,6279.527,77.891,59.744,25.202,84.946,108.476,41.51,-53.101,9.173,12.813,175.65,-65.667,,,-163.669,,-163.669,-1.45,-230.786,-0.576,,-0.576,-77.004,-77.004,-46.267,7.62,-116.227,-171.363,33.397,-46.267,4.977,0.0038,0.0038,54.3152,8.6705,8.6705,,9.2237,8.1584,0.152,1.1551,2.7514,32.7103,1.6143,2.0246,1.2404,1.6082,2.0872,0.0709,0.0444,955.0,519.0,83.0,143.0,78.0,0.03,2477.0,6280.0,3713.0,18.0,1455.0,4825.0
2013-01-31,NVDA,1106.902,521.2999,585.6025,298.007,104.022,,923.3289,183.5735,2.535,186.108,12.135,173.973,,173.973,,173.973,241.9745,183.5733,2477.296,2499.828,0.07,0.07,3727.883,454.252,412.467,76.92,,4775.258,576.144,,953.3621,107.481,1636.987,6412.245,976.223,18.998,589.321,608.319,1584.542,0.72,3246.088,9.981,,4827.703,6412.245,173.973,58.401,10.955,69.356,-9.932,9.429,-38.214,48.19,207.68,451.009,-47.758,0.0,0.0,-93.8951,0.0,-93.8951,0.217,-141.436,-2.049,0.0,-2.049,-97.846,-97.846,-46.866,44.586,-102.175,207.398,35.769,-46.866,4.8916,0.0039,0.0039,52.9046,16.5844,16.5844,,16.8134,15.7171,0.1726,1.2639,2.4368,36.9343,3.6036,4.4904,2.7131,3.5895,1.9569,0.18130000000000002,0.16190000000000002,1107.0,586.0,184.0,242.0,174.0,0.07,2500.0,6412.0,3728.0,19.0,1585.0,4828.0
2012-10-31,NVDA,1204.11,567.452,636.658,284.18,100.261,,951.893,252.217,1.411,253.628,44.548,209.08,,209.08,,209.08,309.365,252.217,2489.408,2515.38,0.085,0.0825,3434.772,444.944,428.983,66.197,,4424.827,566.54,,972.278,111.499,1650.317,6075.144,991.359,19.627,341.312,360.939,1352.298,0.719,3118.981,10.86,,4722.846,6075.144,209.08,57.148,61.952,119.1,0.21,-41.544,-16.547,-8.584,-146.695,181.485,-44.684,0.0,0.0,-138.332,0.0,-138.332,0.217,-182.799,1.011,0.0,1.011,20.103,20.103,0.0,5.97,27.084,25.77,33.069,0.0,4.4634,0.0041,0.0042,52.8737,20.9463,20.9463,,21.0635,17.3639,0.1982,1.3228,2.7062,33.2569,4.427,5.5746,3.4416,4.4087,1.8896,0.07150000000000001,0.0541,1204.0,637.0,252.0,309.0,209.0,0.08,2515.0,6075.0,3435.0,20.0,1352.0,4723.0
2012-07-31,NVDA,1044.27,503.551,540.719,281.193,119.903,,904.647,139.623,5.585,145.208,26.162,119.046,,119.046,,119.046,195.818,139.623,2475.984,2492.572,0.0475,0.0475,3278.1,445.312,387.185,53.323,,4213.851,574.056,,987.968,116.006,1678.03,5891.881,1021.96,20.237,396.019,416.256,1438.216,0.713,2909.901,11.159,,4453.665,5891.881,119.046,56.195,59.982,116.177,-33.849,-44.643,32.13,46.564,-34.337,200.886,-61.944,0.0,0.0,-22.461,0.0,-22.461,-0.298,-84.703,-0.496,0.0,-0.496,5.317,5.317,0.0,9.479,14.3,130.483,32.255,0.0,4.1233,0.0045,0.0045,51.7796,13.3704,13.3704,,13.9052,11.3999,0.1772,1.3005,2.345,38.379,2.673,3.435,2.0205,2.6609,1.7974,0.0806,0.0557,1044.0,541.0,140.0,196.0,119.0,0.05,2493.0,5892.0,3278.0,20.0,1438.0,4454.0
2012-04-30,NVDA,924.877,461.513,463.364,283.902,106.636,,852.051,72.826,4.269,77.095,16.658,60.437,,60.437,,60.437,127.317,72.826,2463.12,2495.144,0.025,0.025,3130.812,411.155,342.707,97.511,,4032.116,553.541,,1004.425,118.085,1676.051,5708.167,947.404,20.83,452.505,473.335,1420.739,0.707,2790.855,10.447,,4287.428,5708.167,60.437,54.491,35.975,90.466,-75.369,-2.191,33.516,-49.982,-160.111,-9.208,-28.923,,,-306.347,,-306.347,0.216,-335.054,-0.515,,-0.515,37.361,37.361,,8.675,45.521,-298.741,35.569,,4.256,0.0048,0.0049,50.1001,7.8741,7.8741,,8.3357,6.5346,0.162,1.3467,2.2495,40.0096,1.4096,1.8409,1.0588,1.4028,1.7321,-0.0037,-0.0153,925.0,463.0,73.0,127.0,60.0,0.03,2495.0,5708.0,3131.0,21.0,1421.0,4287.0
2012-01-31,NVDA,953.1939,463.1809,490.013,266.862,100.834,,830.877,122.317,2.26,124.577,8.552,116.025,,116.025,,116.025,174.212,122.3167,2414.584,2465.484,0.0475,0.045,3129.576,336.143,340.297,49.411,,3905.358,560.072,,967.166,120.332,1647.57,5552.928,929.958,21.439,455.807,477.246,1407.204,0.7,2730.418,10.614,,4145.724,5552.928,116.025,51.895,45.566,97.461,35.07,-20.864,26.49,-82.54,197.032,410.518,-45.182,0.0,0.0,-283.6129,0.0,-283.6129,0.30000000000000004,-328.495,9.899000000000001,0.0,9.899000000000001,19.367,19.367,0.0,-10.229,19.037,101.06,35.436,0.0,4.1995,0.0051,0.0052,51.4075,12.8323,12.8323,,13.0694,12.1722,0.1717,1.3611,2.8357,31.7384,2.7987,3.6502,2.0894,2.7843,1.693,0.1656,0.1474,953.0,490.0,122.0,174.0,116.0,0.05,2465.0,5553.0,3130.0,21.0,1407.0,4146.0
2011-10-31,NVDA,1066.18,509.463,556.717,256.498,103.129,,869.09,197.0901,7.697,204.787,26.514,178.273,,178.273,,178.273,249.4771,197.0901,2428.252,2454.24,0.0725,0.0725,2748.354,371.261,319.602,34.573,,3500.071,551.757,,990.892,46.323,1588.972,5089.043,886.684,21.949,206.96,228.909,1115.593,0.698,2614.393,8.997,,3973.45,5089.043,178.273,52.387,2.701,55.088,48.677,41.917,17.584,-4.22,11.056,244.417,-39.035,0.0,0.0,-250.11,0.0,-250.11,0.0,-289.145,-0.457,0.0,-0.457,51.705,51.705,0.0,27.682,78.93,34.202,33.229,0.0,3.9474,0.0055,0.0055,52.216,18.4856,18.4856,,19.2075,16.7207,0.2095,1.5941,2.8718,31.3394,4.4866,5.9772,3.5031,4.462,1.6267,0.09970000000000001,0.0838,1066.0,557.0,197.0,249.0,178.0,0.07,2454.0,5089.0,2748.0,22.0,1116.0,3973.0
2011-07-31,NVDA,1016.517,491.233,525.2841,247.721,103.533,,842.487,174.03,3.517,177.547,25.974,151.573,,151.573,,151.573,226.189,174.03,2405.36,2455.736,0.0625,0.0625,2474.496,419.944,361.911,34.925,,3317.557,550.896,,951.649,44.322,1546.867,4864.424,960.299,22.493,192.163,214.656,1174.955,0.691,2436.12,14.434,,3689.469,4864.424,151.573,52.159,44.74,96.899,-63.331,33.014,-62.106,2.001,-166.451,82.021,-23.323,0.0,-348.884,100.496,0.0,100.496,-1.5070000000000001,-273.218,-10.698,0.0,-10.698,39.499,39.499,0.0,11.377,40.178,-151.019,35.95,0.0,3.4547,0.0061,0.0061,51.6749,17.1202,17.1202,,17.4662,14.911,0.209,1.3573,2.4206,37.1808,4.1083,5.5363,3.116,4.0834,1.5278,0.0333,0.0238,1017.0,525.0,174.0,226.0,152.0,0.06,2456.0,4864.0,2474.0,22.0,1175.0,3689.0
2011-04-30,NVDA,962.039,477.536,484.503,231.524,98.117,,807.177,154.862,1.623,156.485,21.266,135.219,,135.219,,135.219,202.626,154.862,2379.208,2453.896,0.0575,0.055,2726.541,343.202,380.964,36.6,,3496.763,553.366,,648.605,38.01,1239.981,4736.744,981.166,22.957,284.813,307.77,1288.936,0.688,2284.547,11.121,,3447.808,4736.744,135.219,47.764,28.705,76.469,5.82,-35.183,53.74,-0.738,-39.488,172.2,-31.195,,,-220.928,,-220.928,-0.383,-252.506,-0.352,,-0.352,85.286,85.286,,13.644,98.578,18.272,31.739,,3.5639,0.0066,0.0067,50.3621,16.0973,16.0973,,16.266,14.0555,0.2031,1.2535,2.8031,32.107,3.9219,4.8306,2.8547,3.8959,1.4359,0.0702,0.0575,962.0,485.0,155.0,203.0,135.0,0.06,2454.0,4737.0,2727.0,23.0,1289.0,3448.0
2011-01-31,NVDA,886.376,460.017,426.3589,215.563,88.018,,706.5981,179.7778,6.128,185.906,14.255,171.651,,171.651,,171.651,226.1708,179.7781,2300.708,2354.736,0.075,0.075,2490.563,348.77,345.525,32.636,,3226.95,568.857,,658.589,40.85,1268.296,4495.246,942.682,23.389,347.713,371.102,1313.784,0.677,2149.328,10.272,,3181.462,4495.246,171.651,46.393,3.768,50.161,50.908,32.618,-47.918,4.197,212.861,434.673,-21.343,0.0,0.0,-287.401,0.0,-287.401,-0.507,-309.251,0.304,0.0,0.304,73.145,73.145,0.0,15.316,88.765,214.187,25.368,0.0,3.4232,0.0073,0.0074,48.1014,20.2823,20.2824,,20.9737,19.3655,0.1972,1.3314,2.5414,35.4131,5.3954,6.8038,3.8185,5.356,1.3514,0.1835,0.1748,886.0,426.0,180.0,226.0,172.0,0.08,2355.0,4495.0,2491.0,23.0,1314.0,3181.0
2010-10-31,NVDA,843.912,451.85,392.062,204.527,83.752,,740.129,103.783,-0.198,103.585,18.723,84.862,,84.862,,84.862,150.659,103.783,2309.292,2330.592,0.0375,0.0375,1987.22,399.502,377.812,34.416,,2807.702,585.672,,482.486,39.719,1107.877,3915.579,816.489,23.359,177.851,201.21,1017.699,0.671,1977.677,12.667,,2897.88,3915.579,84.862,46.876,39.741,86.617,-3.374,56.032,45.618,14.911,40.698,212.177,-21.823,0.0,0.0,-142.03,0.0,-142.03,-0.131,-163.984,-0.301,0.0,-0.301,26.279,26.279,0.0,0.0,25.978,74.171,25.177,0.0,3.4388,0.008,0.0081,46.4577,12.2978,12.2978,,12.2744,10.0558,0.2155,1.196,2.1124,42.6054,2.9284,3.5134,2.1673,2.905,1.2469,0.09090000000000001,0.0819,844.0,392.0,104.0,151.0,85.0,0.04,2331.0,3916.0,1987.0,23.0,1018.0,2898.0
2010-07-31,NVDA,811.208,676.916,134.292,210.635,98.864,,986.415,-175.207,6.16,-169.047,-28.086,-140.961,,-140.961,,-140.961,-128.634,-175.207,2291.056,2291.056,-0.0625,-0.0625,1772.5,395.934,434.227,44.549,,2655.962,542.216,,488.723,44.367,1075.306,3731.268,819.139,23.734,127.881,151.615,970.754,0.665,1892.815,11.234,,2760.514,3731.268,-140.961,46.573,-1.095,45.478,133.818,-45.962,-84.308,-9.995,129.827,34.344,-37.644,0.0,0.0,-79.932,0.0,-79.932,-1.525,-119.101,-0.292,0.0,-0.292,14.79,14.79,0.0,0.0,14.498,-70.259,24.631,0.0,3.2424,0.0085,0.0086,16.5546,-21.5983,-21.5983,,-20.8389,-17.3767,0.2174,1.5589,2.0488,43.9272,-5.1063,-6.2048,-3.7778,-5.0628,1.2023,0.0149,-0.0018000000000000002,811.0,134.0,-175.0,-129.0,-141.0,-0.06,2291.0,3731.0,1773.0,24.0,971.0,2761.0
2010-04-30,NVDA,1001.813,545.436,456.377,218.105,90.879,,854.4199,147.3931,3.332,150.725,13.131,137.594,,137.594,,137.594,194.5401,147.3931,2268.732,2363.988,0.06,0.0575,1764.896,529.663,388.139,35.53,,2726.98,548.916,,485.267,41.867,1076.05,3803.03,765.293,24.098,152.994,177.092,942.385,0.663,2033.776,10.872,,2860.645,3803.03,137.594,47.147,41.549,88.696,-155.011,-56.816,16.822,3.746,-231.687,-5.397,-17.08,,,-40.262,,-40.262,,-57.342,-0.282,,-0.282,63.062,63.062,,,62.78,0.041,25.177,,3.5633,0.0084,0.0084,45.5551,14.7126,14.7126,,15.0452,13.7345,0.2634,1.4053,1.8914,47.5834,4.8099,5.7925,3.618,4.7697,1.2498,-0.0023,-0.0095,1002.0,456.0,147.0,195.0,138.0,0.06,2364.0,3803.0,1765.0,24.0,942.0,2861.0
2010-01-31,NVDA,982.488,543.767,438.721,216.251,88.188,,848.2063,134.2817,5.139,139.421,8.345,131.076,,131.076,,131.076,182.1957,134.2819,2198.296,2198.296,0.06,0.0625,1728.227,374.963,330.674,38.214,,2480.83,571.858,,490.302,42.928,1105.088,3585.918,784.378,24.45,111.95,136.4,920.778,0.653,1896.182,12.172,,2665.14,3585.918,131.076,47.914,26.428,74.342,23.008,-53.073,22.778,-0.031,-136.173,69.245,-22.575,0.0,0.0,-261.199,0.0,-261.199,0.0,-283.774,-0.611,0.0,-0.611,45.837,45.837,0.0,2.034,47.26,-167.269,24.62,0.0,3.1628,0.0091,0.0092,44.6541,13.6675,13.6675,,14.1906,13.3412,0.274,1.6444,2.6202,34.3482,4.9182,6.0269,3.6553,4.8735,1.1867,0.0397,0.0284,982.0,439.0,134.0,182.0,131.0,0.06,2198.0,3586.0,1728.0,24.0,921.0,2665.0
2009-10-31,NVDA,903.206,511.423,391.783,197.948,85.99,,795.361,107.845,2.362,110.207,2.63,107.577,,107.577,,107.577,156.615,107.845,2205.132,2297.524,0.05,0.0475,1634.079,397.82,277.643,31.669,,2357.716,565.296,,497.661,42.901,1105.858,3463.574,888.806,24.76,126.373,151.133,1039.939,0.646,1765.106,9.645,,2423.635,3463.574,107.577,48.77,27.257,76.027,-45.991,1.165,40.102,22.617,-42.287,141.317,-16.593,0.0,0.0,-77.904,0.0,-77.904,-1.0,-95.497,-0.215,0.0,-0.215,45.1,45.1,0.0,0.0,44.885,90.705,22.982,0.0,2.6527,0.0101,0.0102,43.3769,11.9403,11.9403,,12.2018,11.9106,0.2608,1.842,2.2704,39.6408,4.4387,5.5856,3.106,4.3938,1.0919,0.055400000000000005,0.049,903.0,392.0,108.0,157.0,108.0,0.05,2298.0,3464.0,1634.0,25.0,1040.0,2424.0
2009-07-31,NVDA,776.52,619.797,156.723,192.855,73.975,,886.627,-110.1069,3.006,-107.101,-1.799,-105.302,,-105.302,,-105.302,-60.7849,-110.1069,2186.556,2186.556,-0.0475,-0.0475,1466.105,351.96,279.216,50.548,,2167.905,582.914,,505.522,42.068,1130.504,3298.409,891.321,25.06,134.619,159.679,1051.0,0.638,1657.529,8.67,,2247.409,3298.409,-105.302,49.322,20.769,70.091,-47.929,45.331,49.236,-17.594,170.328,135.117,-17.656,0.0,0.0,-114.283,0.0,-114.283,0.782,-131.157,0.11900000000000001,0.0,0.11900000000000001,7.432,7.432,0.0,0.0,7.551,11.511,25.376,0.0,2.4322,0.011,0.0112,20.1827,-14.1795,-14.1795,,-13.7924,-13.5608,0.2354,2.2198,2.2063,40.7928,-4.6855,-6.0453,-3.1925,-4.6338,1.0257,0.0613,0.0533,777.0,157.0,-110.0,-61.0,-105.0,-0.05,2187.0,3298.0,1466.0,25.0,1051.0,2247.0
2009-04-30,NVDA,664.231,474.535,189.696,301.797,118.864,,895.196,-230.965,6.144,-224.821,-23.483,-201.338,,-201.338,,-201.338,-180.307,-230.965,2169.228,2169.228,-0.0925,-0.0925,1338.147,304.393,327.259,50.885,,2020.684,601.053,,512.29,44.677,1158.02,3178.704,702.172,25.351,132.305,157.656,859.828,0.636,1762.831,4.931,,2318.876,3178.704,-201.338,50.658,148.261,198.919,14.171,211.233,7.25,0.445,144.547,142.128,-20.777,,,11.872,,11.872,,-8.905,-0.222,,-0.222,-38.415,-38.415,,,-38.637,94.586,169.848,,2.8778,0.0108,0.0109,28.5587,-34.7718,-34.7718,,-33.8468,-30.3114,0.209,1.45,2.1821,41.2437,-8.6826,-11.1447,-6.334,-8.5887,1.0614,0.0655,0.0559,664.0,190.0,-231.0,-180.0,-201.0,-0.09,2169.0,3179.0,1338.0,25.0,860.0,2319.0
2009-01-31,NVDA,481.1399,339.4741,141.6658,211.779,86.44,,656.2232,-175.0833,4.708,-170.375,-22.71,-147.665,,-147.665,,-147.665,-127.0283,-175.0832,2192.504,2192.504,-0.065,-0.06,1255.39,318.435,537.834,39.794,,2167.958,625.798,,516.945,40.026,1182.769,3350.727,778.591,25.634,151.85,177.484,956.075,0.629,1964.169,3.865,,2394.652,3350.727,-147.665,48.055,14.982,63.037,289.597,-12.141,-168.915,10.245,64.783,-19.845,-42.975,0.0,0.0,13.533,0.0,13.533,-1.9100000000000001,-31.352,0.0,0.0,0.0,6.817,6.817,0.0,0.8150000000000001,7.632,-43.565,41.833,0.0,2.7845,0.0106,0.0107,29.4438,-36.3893,-36.3893,,-35.4107,-30.6907,0.1436,0.6312,1.511,59.5651,-6.1664,-7.8641,-4.407,-6.1011,1.1118,-0.0055000000000000005,-0.029900000000000003,481.0,142.0,-175.0,-127.0,-148.0,-0.06,2193.0,3351.0,1255.0,26.0,956.0,2395.0
2008-10-31,NVDA,897.655,529.812,367.843,212.36,90.349,,840.859,56.796,4.207,61.003,-0.745,61.748,,61.748,,61.748,106.1,56.796,2175.228,2258.144,0.0275,0.0275,1304.888,607.834,523.988,43.389,,2480.099,609.674,,521.932,37.193,1168.799,3648.898,1004.465,,157.358,157.358,1161.823,0.629,2111.834,-3.97,,2487.075,3648.898,61.748,49.304,49.294,98.598,71.649,-92.015,-26.562,0.53,-117.343,43.003,-109.008,0.0,0.0,81.356,0.0,81.356,-0.25,-27.902,0.0,0.0,0.0,-272.991,-272.991,0.0,0.0,-272.991,-257.89,39.45,0.0,2.4691,,,40.9782,6.3272,6.3272,,6.7958,6.8788,0.246,1.0111,1.4768,60.9422,2.4828,3.1422,1.6922,2.4828,1.1577,0.017400000000000002,-0.029,898.0,368.0,57.0,106.0,62.0,0.03,2258.0,3649.0,1305.0,,1162.0,2487.0
2008-07-31,NVDA,892.676,742.759,149.9171,212.91,92.399,,1048.068,-155.392,8.792,-146.6,-25.671,-120.929,,-120.929,,-120.929,-109.086,-155.392,2221.668,2221.668,-0.055,-0.055,1657.23,679.416,432.279,45.294,,2814.219,599.478,,510.948,35.404,1145.83,3960.049,1135.016,,162.118,162.118,1297.134,0.625,2050.086,-0.966,,2662.915,3960.049,-120.929,46.306,-6.133,40.173,-28.199,-11.99,-19.122,11.734,161.713,80.957,-53.514,0.0,0.0,-124.35,0.0,-124.35,3.218,-174.646,0.0,0.0,0.0,9.524000000000001,9.524000000000001,0.0,0.0,9.524000000000001,-84.165,39.299,0.0,2.4795,,,16.7941,-17.4074,-17.4074,,-16.4225,-13.5468,0.2254,1.7182,1.3139,68.499,-4.5412,-5.6195,-3.0537,-4.5412,1.1961,0.0405,0.010700000000000001,893.0,150.0,-155.0,-109.0,-121.0,-0.06,2222.0,3960.0,1657.0,,1297.0,2663.0
2008-04-30,NVDA,1153.388,638.545,514.843,218.83,93.034,,950.409,202.9789,10.039,213.018,36.213,176.805,,176.805,,176.805,244.3369,202.9789,2222.692,2367.956,0.08,0.075,1621.639,651.8,420.126,55.428,,2748.993,522.056,,496.02,40.389,1058.465,3807.458,876.552,,193.728,193.728,1070.28,0.623,2171.015,1.549,,2737.178,3807.458,176.805,41.358,69.568,110.926,15.826,-61.149,-68.608,-3.089,-142.486,145.245,-202.173,,-27.948,256.154,,256.154,-1.5,24.533,,,,-93.439,-93.439,,,-93.439,76.339,42.124,,3.1361,,,44.6375,17.5985,17.5985,,18.4689,15.3292,0.3029,1.5199,1.7695,50.8606,6.4594,7.889,4.6437,6.4594,1.2336,0.0613,-0.024,1153.0,515.0,203.0,244.0,177.0,0.08,2368.0,3807.0,1622.0,,1070.0,2737.0
2008-01-31,NVDA,1202.73,653.1332,549.5966,195.835,91.263,,940.2313,262.4985,17.403,279.902,22.909,256.993,,256.993,,256.993,299.4345,262.4987,2200.432,2426.928,0.1175,0.105,1809.478,666.494,358.521,43.068,,2888.829,359.808,,460.983,38.051,858.842,3747.671,967.161,,162.598,162.598,1129.759,0.619,1994.21,8.034,,2617.912,3747.671,256.993,36.936,52.279,89.215,-113.112,-52.28,41.779,-19.073,-93.737,252.471,-70.339,0.0,-75.542,-278.4151,0.0,-278.4151,-1.6219999999999999,-425.918,0.0,0.0,0.0,-156.506,-156.506,0.0,0.22,-156.286,-329.733,34.497,0.0,2.9869,,,45.6958,21.8252,21.8252,,23.2722,21.3675,0.3209,1.8217,1.8046,49.8736,9.8167,11.9148,6.8574,9.8167,1.1748,0.10830000000000001,0.07880000000000001,1203.0,550.0,262.0,299.0,257.0,0.11,2427.0,3748.0,1809.0,,1130.0,2618.0
2007-10-31,NVDA,1115.597,600.044,515.553,179.529,88.183,,867.756,247.8411,18.958,266.799,31.138,235.661,,235.661,,235.661,280.8711,247.8411,2219.864,2451.94,0.105,0.095,1852.953,552.407,306.143,44.551,,2756.054,322.946,,371.107,25.156,719.209,3475.263,856.442,,,140.895,997.337,0.615,1737.217,3.35,,2477.926,3475.263,235.661,33.03,31.527,64.557,-43.893,-29.899,124.411,-2.729,100.63,400.848,-70.426,0.0,0.0,-136.746,0.0,-136.746,0.0,-207.172,0.0,0.0,0.0,-51.719,-51.719,0.0,0.0,-51.719,141.957,32.003,0.0,3.218,,,46.2132,22.216,22.216,,23.9154,21.1242,0.321,1.96,2.0195,44.565,9.5104,11.1856,6.7811,9.5104,1.115,0.1597,0.1312,1116.0,516.0,248.0,281.0,236.0,0.1,2452.0,3475.0,1853.0,,997.0,2478.0
2007-07-31,NVDA,935.253,511.261,423.992,157.952,81.28,,750.493,184.7599,16.091,200.851,28.119,172.732,,172.732,,172.732,216.6519,184.7599,2189.22,2415.32,0.08,0.0725,1571.563,508.435,276.305,41.102,,2397.405,264.832,,348.118,25.912,638.8619,3036.267,680.798,,,95.191,775.989,0.402,1501.556,1.586,,2260.278,3036.267,172.732,31.892,58.531,90.423,-36.897,55.649,-10.659,2.8609999999999998,58.524,321.679,-20.644,0.0,0.0,-27.812,0.0,-27.812,0.0,-48.456,0.0,0.0,0.0,-37.429,-37.429,0.0,0.0,-37.429,235.794,29.46,0.0,3.5215,,,45.3345,19.7551,19.7551,,21.4756,18.469,0.308,1.8504,1.8395,48.927,7.6421,9.0333,5.689,7.6421,1.0296,0.1321,0.1237,935.0,424.0,185.0,217.0,173.0,0.07,2415.0,3036.0,1572.0,,776.0,2260.0
2007-04-30,NVDA,844.28,464.142,380.138,158.321,80.571,,703.034,141.246,12.543,153.789,21.53,132.259,,132.259,,132.259,172.58,141.246,2164.988,2393.196,0.06,0.055,1307.024,471.519,332.635,43.055,,2154.233,271.19,,341.991,33.454,646.635,2800.868,623.867,,81.107,81.107,704.974,0.393,1328.824,1.284,,2095.894,2800.868,132.259,31.334,27.073,58.407,47.847,22.84,61.344,-1.266,104.532,295.198,-26.336,,,-53.436,,-53.436,,-79.772,,,,-80.889,-80.889,,,-80.889,134.537,37.405,,3.453,,,45.0251,16.7298,16.7298,,18.2154,15.6653,0.3014,1.3953,1.7906,50.2638,6.3104,7.5408,4.7221,6.3104,0.9625,0.1233,0.1123,844.0,380.0,141.0,173.0,132.0,0.06,2393.0,2801.0,1307.0,,705.0,2096.0
2007-01-31,NVDA,878.8729,493.167,385.7059,162.276,84.916,,740.3591,138.5138,13.045,151.559,-11.947,163.506,,163.506,,163.506,172.8058,138.5139,2114.424,2349.024,0.0775,0.0683,1117.85,518.68,354.68,31.141,,2031.77,260.828,,346.936,28.349,643.493,2675.263,638.807,,29.537,29.537,668.344,0.583,1196.565,1.436,,2006.919,2675.263,163.506,34.292,62.693,96.985,-62.926,21.145,-43.96,26.192,-44.526,215.965,-61.262,0.0,-334.763,38.546,0.0,38.546,0.0,-357.479,0.0,0.0,0.0,-33.447,-33.447,0.0,-22.371,-55.818,-197.332,33.491,0.0,3.1806,,,43.8864,15.7604,15.7604,,17.2447,18.6041,0.3285,1.3905,1.6944,53.1149,8.1471,9.8499,6.1118,8.1471,0.9266,0.0918,0.06570000000000001,879.0,386.0,139.0,173.0,164.0,0.07,2349.0,2675.0,1118.0,,668.0,2007.0
2006-10-31,NVDA,820.572,486.63,333.942,140.732,75.597,,702.959,117.613,10.714,128.327,21.816,106.511,,106.511,,106.511,142.644,117.613,2115.944,2346.932,0.05,0.045,1173.595,439.252,373.558,36.801,,2025.888,220.54,,230.217,42.104,505.265,2531.153,657.769,,27.667,27.667,685.436,0.38,1033.059,-1.325,,1845.717,2531.153,106.511,25.031,20.685,45.716,19.924,5.775,50.065,-10.89,137.091,289.318,-28.786,0.0,-0.011,32.428,0.0,32.428,0.0,3.6310000000000002,0.0,0.0,0.0,52.177,52.177,0.0,8.197,60.374,353.323,31.291,0.0,3.0799,,0.0002,40.6963,14.3331,14.3331,,15.6387,12.9801,0.3242,1.3027,1.8681,48.177,5.7707,6.5931,4.208,5.7707,0.8652,0.12290000000000001,0.1109,821.0,334.0,118.0,143.0,107.0,0.05,2347.0,2531.0,1174.0,,685.0,1846.0
2006-07-31,NVDA,687.519,395.391,292.128,127.257,69.055,,591.703,95.816,8.706,104.522,17.769,86.753,,86.753,,86.753,120.024,95.816,2101.464,2313.534,0.0417,0.0367,851.167,459.636,378.661,34.143,,1726.289,177.144,,233.085,37.527,457.54,2183.829,505.044,,24.237,24.237,529.281,0.373,926.548,-2.374,,1654.548,2183.829,86.753,24.208,48.843,73.051,-68.124,-30.357,-75.221,-6.5440000000000005,-141.942,17.862,26.248,0.0,-46.359,5.08,0.0,5.08,0.0,-15.031,0.0,0.0,0.0,-109.203,-109.203,0.0,7.032,-102.171,-99.34,27.842,0.0,3.4181,,,42.4902,13.9365,13.9365,,15.2028,12.6183,0.3148,1.0442,1.4958,60.1689,5.2433,6.1031,3.9725,5.2433,0.7756,0.0079,0.019,688.0,292.0,96.0,120.0,87.0,0.04,2314.0,2184.0,851.0,,529.0,1655.0
2006-04-30,NVDA,681.807,393.134,288.673,123.202,63.962,,580.298,101.509,8.563,110.072,18.712,91.36,,91.36,,92.064,125.54,101.509,2087.622,2336.568,0.0433,0.04,955.053,391.27,346.366,28.545,,1722.627,180.206,,227.592,31.028,438.826,2161.453,534.386,,10.156,18.416,552.802,0.371,965.776,-2.451,,1608.651,2161.453,92.064,24.031,16.934,40.965,-64.135,-87.958,107.729,-6.738,-83.493,49.536,-67.026,,-20.667,-69.821,,-69.821,,-157.514,,,,36.655,36.655,,7.33,43.985,-63.993,24.111,,3.2236,,,42.3394,14.8882,14.8882,,16.1442,13.5029,0.3154,1.135,1.7425,51.6485,5.6793,6.6152,4.2268,5.6793,0.7606,0.0212,-0.0075,682.0,289.0,102.0,126.0,92.0,0.04,2337.0,2161.0,955.0,,553.0,1609.0
2006-01-31,NVDA,633.614,379.104,254.5099,95.268,45.925,,520.2971,113.3169,4.386,117.703,19.251,98.452,,98.452,,98.452,137.1049,113.317,2036.28,2194.224,0.0475,0.0442,950.174,318.186,254.87,24.387,,1550.299,178.152,,160.738,27.477,404.388,1954.687,438.659,,20.036,20.036,458.695,0.36,747.731,-1.957,,1495.992,1954.687,97.374,23.788,23.551,47.339,34.206,30.245,3.666,-2.69,80.67,225.383,-23.445,0.0,-12.131,24.873,0.0,24.873,0.0,-10.703,0.856,0.0,0.856,-27.723,-27.723,0.0,-0.365,-27.232,187.448,1.109,0.0,3.5342,,,40.168,17.8842,17.8842,,18.5765,15.5382,0.3242,1.4874,1.9913,45.1959,6.5811,7.3733,5.0367,6.5811,0.727,0.10300000000000001,0.09230000000000001,634.0,255.0,113.0,137.0,98.0,0.04,2194.0,1955.0,950.0,,459.0,1496.0
2005-10-31,NVDA,583.415,355.42,227.995,88.829,55.436,-14.158,513.843,69.572,6.146,75.718,11.271,64.447,,64.447,,64.447,94.094,69.572,2041.524,2201.142,0.0317,0.03,786.178,351.737,284.847,23.949,,1449.976,178.505,,152.314,24.713,355.532,1805.508,427.167,,8.146,28.9,456.067,0.178,777.048,-4.365,,1349.441,1805.508,64.447,24.522,2.202,26.724,-6.984,16.108,-45.318,1.929,-7.072,84.099,-13.466,0.0,0.0,42.671,0.0,42.671,0.0,29.205,-0.856,0.0,-0.856,9.325,9.325,0.0,0.365,8.834,122.138,1.658,0.0,3.3944,,,39.0794,11.925,11.925,,12.9784,11.0465,0.3231,1.2478,1.6587,54.2604,4.7758,5.3835,3.5695,4.7758,0.6569,0.0373,0.0315,583.0,228.0,70.0,94.0,64.0,0.03,2201.0,1806.0,786.0,,456.0,1349.0
2005-07-31,NVDA,574.812,357.437,217.375,87.113,52.669,,497.219,77.593,5.219,82.812,8.979,73.833,,73.833,,73.833,102.363,77.593,2027.316,2170.044,0.0367,0.0333,717.546,355.393,300.955,24.756,,1401.915,178.951,,131.375,15.977,326.303,1728.218,425.498,,6.733,27.487,452.985,0.174,711.795,-4.218,,1275.233,1728.218,74.911,24.77,4.769,29.539,-98.067,6.804,38.901,-8.186,-57.103,47.347,-29.185,0.0,0.0,-26.493,0.0,-26.493,0.0,-55.678,0.0,0.0,0.0,-30.158,-30.158,0.0,-0.34500000000000003,-30.503,-38.834,4.82,0.0,3.2948,,,37.8167,13.4989,13.4989,,14.4068,12.8447,0.3326,1.1877,1.6174,55.6449,5.7898,6.4547,4.2722,5.7898,0.63,0.0217,0.0083,575.0,217.0,78.0,102.0,74.0,0.03,2170.0,1728.0,718.0,,453.0,1275.0
2005-04-30,NVDA,583.846,373.693,210.153,85.913,48.058,,507.664,76.182,4.373,80.555,16.111,64.444,,64.444,,64.444,101.079,76.182,2023.764,2165.904,0.0317,0.03,731.512,255.252,307.759,21.869,,1319.657,169.236,,135.523,10.678,315.437,1635.094,375.52,,8.233,28.987,404.507,0.173,636.958,-3.908,,1230.587,1635.094,64.444,24.897,-0.056,24.841,49.43,7.759,-56.077,-3.694,0.294,89.579,-13.504,,,8.893,,8.893,,-4.611,,,,-12.456,-12.456,,-0.02,-12.476,72.492,0.285,,3.5142,,0.0003,35.9946,13.0483,13.0483,,13.7973,11.0378,0.3571,1.2142,2.2873,39.3472,5.2369,5.885,3.9413,5.2369,0.6069,0.0414,0.0351,584.0,210.0,76.0,101.0,64.0,0.03,2166.0,1635.0,732.0,,405.0,1231.0
2005-01-31,NVDA,566.4758,374.592,191.8838,97.17,55.975,,527.7369,38.7389,2.854,41.593,5.325,36.268,,36.268,,36.268,69.8239,38.739,1992.744,2109.744,0.0183,0.0167,670.045,296.279,315.518,19.819,,1304.926,178.955,,135.621,9.034,323.61,1628.536,421.156,,8.358,29.112,450.268,0.169,572.514,-3.463,,1178.268,1628.536,88.615,102.597,37.167,139.764,-110.312,-80.906,52.941,-7.027,-96.179,132.2,-67.261,0.0,0.0,-84.692,0.0,-84.692,0.0,-151.953,0.0,0.0,0.0,17.858,17.858,0.0,-4.015,13.843,-5.91,20.822,0.0,3.0984,,0.0007,33.8733,6.8386,6.8386,,7.3424,6.4024,0.3478,1.1872,1.912,47.0719,3.0781,3.4785,2.227,3.0781,0.5876,0.0627,0.0308,566.0,192.0,39.0,70.0,36.0,0.02,2110.0,1629.0,670.0,,450.0,1178.0
